2750 4738
281 215 368 260 arros
391 215 580 261 cassaniam
604 217 728 264 nrssan.
965 195 1029 264 155

149 426 207 501 II.
235 425 292 501 De
310 424 477 520 inpressu
493 430 692 506 sacerdotis
705 429 756 504 ad
770 431 902 506 ultore.

61 686 91 748 l.
117 679 278 747 Sacerdos
293 682 795 770 omnibusparamentisindutus,
812 687 1031 776 accipitmanu

21 779 142 842 sinistra
158 776 300 842 Calicem
317 787 463 863 utsupra
484 790 709 865 praeparatum,
726 802 823 868 quem
847 793 953 868 portat
965 784 1031 847 elc-

21 883 127 939 vatum
143 883 222 936 ante
239 883 360 958 pectus,
382 874 519 938 Bursam
534 895 631 938 manu
654 871 766 940 dextra
782 896 878 960 super
893 873 1030 940 Calicem

23 978 139 1048 tenens,
158 976 194 1031 et
208 967 289 1032 facta
305 969 487 1034 reverentia
504 969 609 1050 Cruci,
634 971 685 1035 vel
704 970 834 1058 imagini
851 969 895 1035 illi
912 992 983 1062 quaa
999 971 1030 1034 in

22 1062 158 1126 sacristia
175 1063 249 1145 erit,
272 1064 376 1148 capite
392 1073 542 1148 cooperto
558 1063 680 1129 aceedit
695 1060 735 1127 ad
758 1066 869 1146 altare,
887 1065 1031 1130 ministro

21 1178 87 1220 cnm
114 1157 250 1238 Missali,
275 1167 307 1220 et
325 1157 395 1220 aliis
422 1155 461 1220 ad
484 1155 714 1222 celebrandum
739 1157 938 1240 necessariis,
956 1159 1030 1246 (nisi

22 1261 88 1314 ante
119 1252 245 1315 inerint
269 1253 462 1337 praeparata)
491 1251 690 1338 praeccdente
716 1252 956 1338 superpelliceo
981 1252 1031 1316 in·

22 1344 104 1410 doto.
122 1343 278 1410 Procedit
289 1344 668 1426 antemocnlisdcmissis‚
681 1345 804 1411 incessu
814 1346 916 1433 gravi,
926 1356 1032 1411 erecto

22 1461 162 1525 corpore.
198 1441 232 1504 Si
261 1461 339 1505 vero
363 1441 532 1527 contigerit
561 1463 636 1505 curn
662 1441 800 1505 transire
834 1449 908 1504 ante
931 1439 1030 1506 altare

23 1533 130 1618 majus,
160 1534 267 1620 capite
291 1544 442 1620 cooperto
467 1535 562 1600 iaciat
585 1534 625 1598 ad
647 1532 727 1599 illud
748 1535 978 1600 reverentiam:
1003 1535 1030 1600 si

23 1638 88 1691 ante
103 1630 216 1693 locum
243 1628 452 1710 Sacramenti,
480 1629 694 1716 genuflectat:
718 1629 744 1693 si
771 1639 844 1692 ante
858 1631 959 1694 altare
973 1629 1030 1694 nbi

23 1723 200 1787 celebretur
217 1724 323 1802 Missa,
348 1723 379 1787 in
402 1744 467 1810 qua
489 1726 633 1790 elevatur
658 1725 710 1790 vel
734 1733 811 1789 tunc
833 1724 1031 1792 ministratur

24 1817 273 1901 Sacramentum,
308 1818 456 1888 similiter
481 1819 688 1905 genuflectat,
715 1817 748 1882 ct
774 1815 900 1882 detecto
926 1818 1029 1912 capite

24 1910 95 1974 illnd
109 1909 236 1995 adoret,
254 1935 314 1977 nec
329 1923 402 1978 ante
418 1923 539 1998 surgat,
556 1935 653 2000 qnam
665 1912 831 1977 celebrans
846 1909 1029 1999 deposuerit

23 2005 155 2072 Calicem
172 2029 270 2094 super
285 2009 468 2094 Corporale.

60 2108 91 2170 2.
116 2105 198 2170 Cum
215 2108 398 2191 pervenerit
412 2106 452 2171 ad
469 2109 580 2190 altare,
597 2116 683 2173 stans
699 2117 771 2174 ante
787 2109 872 2173 illins
884 2107 1027 2173 infimum

23 2199 167 2284 gradum,
204 2213 300 2288 caput
325 2200 459 2289 detegit,
487 2201 625 2266 biretum
651 2203 797 2268 ministro
819 2203 966 2290 porrigit,
997 2211 1029 2266 el

24 2297 119 2379 altari,
134 2319 194 2361 seu
206 2297 337 2384 imagini
361 2294 509 2360 Crncifixi
533 2292 673 2382 desuper
684 2297 793 2383 positae
808 2292 969 2382 prolnnde
995 2315 1028 2358 sc

24 2388 158 2457 inclinat.
185 2392 218 2456 Si
234 2403 340 2456 autern
365 2393 396 2456 in
413 2412 451 2455 eo
474 2391 515 2455 sit
530 2390 772 2456 tabernaculum
801 2393 890 2457 SSmi
914 2392 1027 2455 Sacra·

24 2488 125 2569 monti,
144 2487 365 2574 genuflectens
380 2486 523 2550 debitam
538 2486 615 2551 lacit
626 2489 854 2553 reverentiam.
878 2489 1028 2552 Tuncas-

24 2580 122 2647 cendit
137 2581 180 2647 ad
196 2581 338 2647 medium
355 2583 482 2647 altaris:
511 2581 568 2646 ubi
590 2580 631 2646 ad
647 2604 746 2648 cornu
765 2581 932 2670 Evangelii
947 2581 1028 2645 sistit

26 2673 172 2757 Calicem,
187 2679 326 2743 extrahit
341 2678 510 2764 Corporale
525 2675 575 2740 de
596 2679 708 2762 Bursa,
730 2678 816 2766 qnod
835 2674 978 2742 extendit
994 2675 1026 2738 in

27 2769 121 2834 modio
136 2773 256 2851 altaris,
268 2783 299 2836 et
313 2794 409 2858 snper
424 2769 503 2835 illud
519 2771 656 2836 Calicem
672 2773 753 2840 Volo
769 2771 1027 2858 coopertumcol-

26 2863 107 2946 locat,
122 2867 259 2930 Bursam
271 2877 377 2930 autem
393 2863 435 2930 ad
450 2886 551 2930 cornu
566 2866 744 2952 Evangelii.
763 2866 795 2930 Si
812 2866 844 2929 in
863 2863 954 2928 altari
972 2884 1025 2948 pa·

26 2971 160 3024 ramenta
177 2961 305 3045 accipit,
320 2961 381 3024 hoc
397 2959 483 3023 idem
499 2959 575 3023 facit
589 2967 762 3046 antequam
785 2957 958 3023 descendat
983 2958 1024 3020 ab

27 3053 105 3116 altari
122 3065 159 3119 nt
174 3055 302 3118 Missam
316 3054 456 3118 inchoet.

62 3149 91 3211 5.
117 3150 150 3213 Si
164 3160 212 3214 est
223 3160 463 3214 consecraturus
470 3151 576 3236 plures
586 3149 713 3214 Hostias
725 3171 782 3234 pro
791 3143 1023 3213 Communionc

26 3240 172 3326 iacienda,
182 3267 254 3331 qnae
263 3245 305 3308 cb
317 3245 527 3332 quantitatem
542 3267 639 3331 snper
651 3247 804 3309 Patenam
816 3265 946 3306 manere
960 3265 1022 3307 non

26 3339 145 3416 possint,
164 3341 249 3403 locat
264 3361 316 3404 eas
340 3361 436 3424 super
459 3339 631 3425 Corporale
647 3349 720 3404 ante
744 3337 893 3419 Calicem,
915 3347 969 3400 aut
991 3339 1022 3400 in

26 3431 120 3517 aliquo
138 3433 244 3498 Calice
260 3444 444 3498 consecrato
461 3431 724 3500 velrasemundo
736 3431 918 3506 benedicto,
935 3433 1023 3515 ponit

25 3544 68 3588 cas
83 3538 167 3592 retro
183 3539 256 3614 post
271 3527 420 3606 Calicem,
438 3538 470 3592 et
482 3529 543 3592 alia
563 3530 684 3591 Patcna
694 3547 750 3590 sen
762 3527 850 3590 Palla
866 3524 1020 3609 cooperit.

60 3623 89 3685 4.
114 3624 274 3688 Collocato
290 3623 394 3687 Calice
407 3624 439 3687 in
453 3623 555 3704 altari,
566 3614 740 3688 acceditad¹
751 3643 850 3685 cornu
862 3621 1020 3705 Epistolae,

26 3714 138 3782 Missale
150 3741 248 3804 snper
263 3720 388 3783 cussino
397 3721 511 3805 aperit,
529 3719 649 3804 reperit
660 3718 800 3799 Missam,
814 3724 846 3780 el
859 3715 1022 3802 signacula

26 3810 79 3874 suis
91 3814 168 3878 locis
183 3812 415 3878 accommodat.
438 3811 561 3878 Deinde
577 3811 705 3876 rediens
720 3810 762 3876 ad
784 3803 926 3873 medium
942 3811 1021 3873 alta·

26 3904 71 3985 ris,
82 3907 164 3972 iacta
185 3909 324 3993 primum
340 3907 433 3972 Cruci
450 3907 642 3988 reverentia,
667 3917 795 3972 vertens
810 3925 843 3968 se
857 3903 898 3968 ad
921 3925 1020 3967 cornu

27 3997 170 4082 Epistola,
190 4001 356 4068 descendit
377 4014 447 4089 post
463 4003 606 4067 infimum
630 3999 764 4086 gradum
781 3998 900 4082 altaris,
917 4007 952 4061 ut
977 3995 1021 4060 ibi

28 4090 371 4161 iaciatConiossionem.
