2806 4736
372 277 553 320 nnnontrnn
577 277 769 322 ursmarum.
1013 261 1076 327 tte

113 365 163 432 15.
179 368 214 433 S.
226 369 327 456 Kyrie
343 368 476 434 eleison.
573 368 616 431 Μ.
629 367 731 452 Kyrio
747 368 880 435 eleison.

177 463 214 527 S.
229 464 329 551 Kyrie
341 463 474 529 eleison.
573 463 616 526 Μ.
631 461 756 528 Christe
768 465 900 531 eleison.

180 559 214 623 S.
230 560 356 626 Christe
369 557 502 622 eleison.
572 558 615 621 Μ.
634 556 759 624 Christe
775 561 909 628 eleison.

180 654 214 718 S.
231 655 331 742 Kyrie
347 653 481 716 eleison.
571 651 616 714 M.
630 651 730 738 Kyrie
743 655 876 722 eleison.

179 749 213 812 S.
230 749 330 835 Kyrie
346 747 481 811 eleison.

112 843 165 906 14.
182 844 216 906 S.
233 853 266 907 et
282 845 325 907 M.
342 841 450 908 Gloria
465 841 497 904 in
515 840 648 905 excelsis
673 842 754 905 Deo.
783 843 823 907 Et
848 845 881 908 in
913 856 998 912 terre
1016 871 1078 935 pax

75 937 252 1003 hominibus
267 939 359 1003 honae
375 936 560 1002 voluntatis.
581 933 762 1000 Laudamus
779 947 821 1014 te,
851 940 1079 1008 Benedieimus

76 1040 115 1108 te,
141 1031 321 1098 Adoramus
336 1043 379 1114 te,
408 1030 631 1096 Gloriticemus
653 1041 697 1094 te.
720 1030 844 1097 Gratias
869 1037 993 1122 agimus
1019 1039 1077 1102 tihi

76 1138 201 1213 propter
213 1149 363 1216 magnam
379 1127 514 1213 gloriam
530 1134 631 1189 tuam.
649 1125 785 1190 Domine
800 1128 885 1193 Deus
896 1131 968 1195 Rex
982 1133 1078 1196 coele-

77 1222 140 1285 stis.
155 1225 241 1288 Deus
256 1226 352 1287 Pater
367 1221 583 1305 omnipotens.
600 1220 737 1284 Domine
749 1223 807 1284 Fili
825 1226 990 1312 unigenite
1001 1227 1076 1291 lesu

77 1314 206 1381 Christe.
223 1318 360 1382 Domine
385 1317 484 1397 Dens,
502 1314 614 1399 Agnus
639 1315 711 1394 Dei,
741 1316 841 1382 Filius
866 1307 981 1386 Patris.
1015 1321 1077 1402 Qui

77 1411 156 1474 tollis
171 1423 304 1497 peccate
316 1409 443 1488 mnudi,
460 1410 613 1474 miserere
627 1410 732 1490 nobis.
766 1412 828 1492 Qui
850 1414 933 1500 tuuis
948 1426 1079 1501 peccata

77 1505 195 1587 mundi,
212 1510 338 1594 suscipe
355 1505 616 1590 deprecationem
640 1515 797 1570 nostram.
833 1507 896 1588 Qui
919 1508 1011 1575 sedes
1038 1511 1078 1576 ed

78 1598 234 1668 dexteram
246 1604 362 1683 Patris,
379 1602 532 1664 miserere
548 1599 653 1665 nobis.
686 1601 845 1681 Quoniam
860 1613 893 1666 tu
910 1605 995 1669 solus
1011 1627 1080 1671 san·

78 1707 153 1780 otus,
168 1700 213 1763 Tu
227 1701 312 1763 solus
322 1697 490 1778 Dominus,
503 1696 551 1758 Tu
564 1695 842 1780 solnsaltissimns,
856 1698 933 1762 lesu
942 1699 1078 1785 Christe,

79 1792 152 1860 Cum
167 1806 276 1861 sancto
291 1795 425 1880 Spiritu,
444 1791 602 1878 ingloria
617 1792 675 1854 Dei
690 1792 807 1855 Petris.
831 1793 947 1858 Amen.

120 1892 169 1955 lh.
187 1894 221 1956 S.
240 1895 324 1955 Ante
338 1886 557 1973 Eoonpelinm.
580 1884 701 1950 Munda
716 1908 772 1950 cor
788 1908 908 1972 mcum,
934 1911 971 1955 ec
993 1893 1079 1956 labia

82 2009 156 2067 mea,
171 1987 372 2072 omnipotens
387 1985 486 2061 Dens,
502 1982 558 2068 qui
569 1981 654 2046 labia
668 1983 757 2046 Isaiae
772 1983 942 2067 Prophetae
955 1989 1079 2052 calculo

10 2097 11 2102 ’
80 2083 235 2150 mundasti
248 2081 367 2168 ignito:
393 2079 437 2142 ita
452 2098 504 2142 me
521 2086 575 2140 tua
602 2086 693 2163 grata
721 2076 927 2143 miseratione
944 2080 1079 2168 dignere

10 2229 11 2268 ,
81 2178 239 2259 mundare,
267 2183 463 2239 ntsenctum
490 2171 703 2259 Evangelium
732 2182 823 2236 tuum
841 2171 939 2259 digne
954 2179 1078 2242 valeam

9 2317 11 2340 ι
81 2275 230 2338 nuntiare.
244 2272 306 2334 Per
321 2269 481 2333 Christum
497 2265 670 2329 Dominum
688 2279 845 2332 nostrum.
863 2269 977 2333 Amen.
995 2271 1078 2336 J'obc

9 2397 11 2434 s
80 2370 205 2433 Domine
220 2363 428 2431 benedicere.
451 2361 607 2426 Dominus
624 2361 665 2424 sit
680 2361 712 2423 in
729 2363 826 2426 corde
842 2385 927 2441 meo,
940 2375 972 2429 et
984 2367 1016 2428 in
1033 2369 1079 2430 ia-

9 2523 11 2544 ,
81 2463 242 2528 hiismcis:
274 2470 309 2524 ut
321 2458 418 2543 digne
432 2466 463 2521 et
477 2465 698 2540 competenter
722 2459 908 2522 annuntiem
932 2460 1079 2548 Evange-

10 2545 11 2618 l
81 2561 269 2624 liumsuum.
288 2555 406 2620 Amen.

9 2703 11 2734 ,
118 2661 152 2720 In
164 2656 265 2720 Misso
280 2652 411 2717 solemni
426 2652 585 2714 Diaconos
600 2653 710 2713 recitat
729 2647 848 2713 Munda
867 2660 1014 2728 nocete,
1045 2663 1080 2714 nt

9 2753 10 2772 ¹
78 2774 184 2836 snpra;
201 2747 309 2815 deinde
322 2757 427 2832 petens
445 2744 692 2824 benedictionem,
720 2743 815 2808 dicit:
829 2743 926 2822 lube,
945 2742 1077 2829 domne,

9 2835 11 2854 ’
81 2844 277 2910 benedicere.

118 2943 148 3006 S.
162 2939 317 3004 Dominus
332 2937 372 3000 sit
388 2937 420 3000 in
432 2933 530 3001 corde
546 2945 613 3014 tuo,
625 2942 657 2997 et
673 2935 706 2998 in
722 2933 815 2997 labiis
831 2934 912 3014 tuis3
930 2944 966 2999 nt
981 2933 1078 3020 digne

79 3045 106 3099 et
120 3045 336 3122 competenter
351 3032 520 3095 annunties
533 3029 745 3114 Evangelium
762 3049 876 3092 suum:
896 3029 932 3092 In
949 3031 1091 3094 nominev

59 3145 60 3148 ’
80 3131 184 3210 Petris,
202 3140 234 3193 et
244 3127 328 3209 Filii,
347 3136 379 3191 ct
394 3126 531 3210 Spiritus
544 3124 656 3187 sancti.
674 3122 790 3186 Arnen.

119 3228 149 3290 8.
164 3225 218 3288 Ad
233 3222 370 3288 osculnm
386 3220 471 3285 libri.
500 3221 562 3284 Per
583 3219 777 3305 Evangelice
802 3217 886 3283 dicte
910 3218 1079 3284 deleantur

9 3375 11 3388 .
78 3331 175 3386 nostra
196 3318 325 3383 delicte.

114 3418 166 3481 16.
185 3417 219 3480 S.
237 3425 269 3478 et
284 3414 327 3477 M.
353 3410 455 3476 Credo
479 3412 511 3474 in
534 3431 633 3472 unum
650 3410 766 3473 Deum.
784 3409 913 3472 Patrem
931 3409 1078 3493 omnipo-

79 3511 201 3590 tentem,
219 3510 372 3574 iectorem
397 3508 466 3572 coeli
483 3516 514 3571 et
531 3515 635 3583 terrae,
660 3503 835 3570 visibilium
862 3503 1017 3584 omnium,
1047 3513 1078 3567 et

79 3603 290 3669 invisibilium.
308 3604 347 3666 Et
362 3602 394 3664 in
409 3621 510 3663 unum
526 3599 697 3661 Dominum
710 3599 821 3662 lesum
837 3595 1010 3677 Christum,
1024 3598 1078 3660 Fi-

79 3698 147 3763 lium
159 3697 218 3764 Dei
235 3697 447 3784 unigenitum.
464 3695 502 3760 Et
517 3715 557 3758 ex
571 3695 665 3758 Patre
682 3703 792 3757 natum
808 3701 881 3755 ante
896 3692 1004 3756 omnia
1020 3715 1079 3757 sm-

79 3795 152 3859 cnta.
169 3794 272 3857 Denm
288 3791 329 3854 de
344 3791 424 3872 Deo,
440 3791 550 3852 lumen
567 3785 757 3866 delumine,
773 3788 878 3851 Deum
893 3807 1004 3852 verum
1037 3786 1078 3851 de

79 3886 135 3952 Deo
150 3909 240 3955 vero.
258 3886 409 3952 Cenitum
426 3906 489 3949 non
505 3885 639 3961 factum,
653 3881 958 3948 consubstantialem
971 3883 1076 3946 Petri:

81 4001 237 4070 perquem
254 3983 361 4046 omnia
375 3981 558 4045 factasunt.
576 3979 638 4060 Qui
652 3989 785 4064 propter
801 3999 859 4041 nos
874 3977 1033 4060 homines,
1048 3987 1080 4041 et

9 4097 12 4120 ¹
81 4088 202 4162 propter
215 4086 356 4141 nostram
372 4077 508 4140 salutem
519 4072 688 4139 descendit
703 4071 744 4136 de
760 4073 860 4136 coelis.
877 4072 915 4136 Et
931 4071 1078 4135 incarna-

83 4176 125 4232 tus
136 4169 183 4234 en
196 4169 238 4234 de
252 4171 374 4255 Spiritu
389 4178 498 4234 sancto
511 4189 549 4232 ex
574 4168 676 4234 Meria
698 4167 843 4254 virgine:
858 4167 898 4231 Et
918 4166 1016 4230 homo
1030 4166 1079 4231 la-
