2806 4736
542 239 646 281 tubex.
745 251 750 268 ⁸

179 338 225 399 De
242 336 336 400 Missa
352 337 384 399 iu
397 335 449 400 die
461 337 573 401 Obitus
592 357 648 400 seu
673 336 894 420 Depositionis.
1066 338 1107 400 80

179 430 226 493 De
249 430 348 493 Missis
373 430 405 492 in
430 429 482 493 die
506 431 611 512 tertio,
632 429 778 513 septimo,
804 427 966 512 trigesimo
991 439 1022 493 et

223 525 454 588 anniversario.
1065 523 1107 586 85

179 621 225 683 De
239 620 340 683 Missis
353 618 547 704 quotidianis
560 620 806 684 Defunctorum.
1065 617 1106 679 85

87 806 207 876 Srerro
221 803 271 875 Π.
292 845 340 858 -
359 805 416 875 De
439 800 699 890 Orationibus,
727 803 771 872 H
761 825 883 897 ymno
921 801 1107 896 angelico,

140 909 332 1008 Symbolo,
365 908 603 993 Praefatione
630 925 665 978 et
684 905 955 1004 ‘conformitate
983 907 1110 980 Missoe

141 1043 229 1090 eum
254 1015 407 1118 Officio.

179 1215 225 1277 De
241 1210 447 1276 Orationibus
461 1210 493 1272 in
509 1229 638 1292 genere.
1069 1209 1110 1271 86

179 1309 225 1371 De
242 1302 607 1373 Commemorationibus
623 1307 827 1391 specialibus.
1069 1303 1110 1366 88

178 1400 224 1464 De
240 1398 444 1464 Orationibus
462 1396 631 1461 ordinariis
655 1421 711 1462 seu
733 1399 1018 1463 Commemoratio-

220 1496 313 1559 nibus
336 1493 575 1557 communibus.
1072 1494 1113 1556 89

178 1588 226 1650 De
242 1586 452 1650 Orationibus
468 1587 592 1649 votivis.
1072 1587 1109 1649 91

178 1682 226 1743 De
239 1681 391 1744 Oratione
419 1680 451 1742 A
466 1682 589 1742 conctis.
1072 1681 1114 1742 95

308 1811 349 1820 -
422 1770 473 1835 Ad
490 1772 627 1839 libitum.
1069 1776 1110 1838 96

311 1906 350 1914 -
420 1867 563 1931 Concede,
1073 1868 1113 1930 97

313 2000 353 2008 -
422 1960 562 2024 Ecclesia
585 1963 636 2025 vel
653 1985 711 2047 pro
727 1963 826 2047 Papa.
1073 1963 1113 2025 97
1230 2039 1240 2057 ν

311 2095 352 2108 -
424 2058 571 2120 Fidatinrn
594 2069 626 2121 et
643 2081 701 2143 pro
719 2059 895 2125 Defunctis.
1073 2059 1114 2122 97

182 2157 230 2220 De
246 2155 373 2238 Hymno
394 2153 551 2236 angelico.
1073 2153 1114 2215 98

184 2248 230 2310 De
249 2245 413 2330 Symboio.
1075 2245 1116 2307 99

183 2344 229 2405 De
247 2340 451 2404 Praefatione.
1053 2339 1111 2401 101
1180 2350 1185 2362 “

183 2437 230 2500 De
244 2435 344 2498 Missis
357 2435 487 2519 privatis
499 2435 532 2496 in
545 2433 685 2496 Ecclesia
702 2431 835 2517 publica
854 2431 1037 2496 celebratis.
1054 2431 1116 2494 101

183 2532 230 2592 De
244 2529 336 2592 Missa
353 2530 501 2610 solemni,
517 2526 771 2608 communitatis,
790 2527 866 2589 etin
882 2525 1030 2589 Oratorio

227 2624 350 2708 privato
368 2623 541 2687 celebrata.
1053 2620 1115 2682 104

131 2811 248 2881 Srorro
265 2757 321 2878 ΠΙ
327 2864 333 2878 .
355 2809 411 2878 De
426 2809 685 2893 Pnrnmentc's,
707 2807 752 2876 de
768 2806 900 2877 Alteri
916 2810 1072 2902 ejusque

480 2904 737 2977 Ornamentis.

184 3064 230 3125 De
252 3063 359 3125 colore
389 3080 553 3123 sacrorum
573 3059 851 3123 Paramentorum.
1052 3058 1114 3120 106

184 3158 232 3221 De
255 3179 315 3220 usu
335 3158 612 3220 Paramentorum.
1054 3152 1115 3215 107

185 3251 232 3314 De
255 3251 367 3314 Altari.
394 3265 396 3270 '
1052 3246 1115 3307 109

187 3346 233 3409 De
247 3344 453 3407 Ornamentis
471 3343 600 3406 Altaris.
1054 3340 1117 3402 110

209 3541 214 3560 ¹
262 3547 463 3617 Orationes
490 3547 703 3613 memoriter·
731 3541 973 3614 recitandae.-

184 3750 354 3814 Orationcs
366 3747 512 3812 dicendae
524 3769 598 3812 cum
611 3746 767 3811 Sacerdos
779 3747 922 3811 induitur
934 3769 1035 3811 saeer-

229 3844 390 3909 dotalibus
406 3845 615 3928 paramentis.
1053 3845 1116 3907 tta

184 3939 353 4003 Orationes
374 3939 407 4000 in
424 3938 517 4001 Missa
538 3935 693 4004 dicendae.
1053 3938 1116 4001 115

185 4034 370 4099 *Gratiarum
389 4036 472 4098 actio
491 4042 562 4118 post
583 4035 722 4096 Missam.
1053 4033 1115 4111 119

186 4128 302 4192 Preces
319 4130 351 4191 iu
368 4127 550 4211 aspersione
567 4147 659 4211 aquae
671 4125 846 4190 benedictae
862 4122 1017 4190 dicendae.
1053 4126 1111 4189 121
