2754 4740
362 268 395 308 nr
418 266 569 308 autumas
593 267 766 310 nnnvrnnn.
1017 243 1060 308 55

86 374 132 437 5⁰.
158 375 231 436 Dies
254 371 340 456 infra
363 368 524 448 Octavam,
554 390 626 432 eum
649 369 742 433 Festa
765 370 896 433 minimo
912 370 984 448 sint,
1003 366 1060 431 sed

43 466 243 531 continuatio
258 465 355 527 unius
381 461 592 549 ejusdemque
609 463 706 541 Festi,
734 463 826 551 cujus
842 461 993 526 videlicet
1006 462 1061 527 0f-

40 569 148 632 ficium
169 589 228 652 per
250 567 322 628 illos
343 565 485 650 singulos
507 564 664 648 repetitur
686 588 704 630 a
726 565 882 630 Matutino
902 586 1003 652 usque
1019 564 1060 630 ad

40 662 303 747 Completorium,
321 661 442 722 nullam
470 655 554 723 inter
581 681 650 724 sese
666 662 842 726 sortiuntur
858 660 1061 725 Concurren-

40 757 118 820 tiam
136 780 144 835 3
163 754 220 819 sed
236 754 373 818 activam
390 752 510 818 habent
533 774 605 818 eum
633 755 779 841 quolibet
794 755 942 841 sequenti
967 755 1061 819 Festo

40 859 71 912 et
86 848 267 913 Dominiea.
1072 857 1113 974 λ

83 944 128 1005 6⁰.
144 943 219 1005 Dies
236 939 353 1005 Octauo
370 949 506 1024 utroque
522 936 618 1003 modo
635 962 827 1004 concurrere
846 951 960 1026 potest,
985 943 1060 1029 quia

40 1048 190 1123 utrasque
206 1035 305 1099 habet
319 1035 490 1118 Vesperas.
896 1056 899 1062 ¹

81 1140 202 1221 Quaest.
218 1139 270 1202 60.
297 1136 388 1200 Modo
412 1137 525 1201 dictum
543 1150 587 1202 cst
601 1142 725 1204 Festum
742 1139 881 1222 Simplex
897 1160 998 1203 curere
1013 1160 1062 1202 se-

36 1233 144 1296 cundis
162 1233 320 1316 Vesperis,
336 1232 458 1293 Feriam
483 1253 554 1295 vcro
577 1235 719 1315 primis3
745 1234 821 1318 quid
846 1253 917 1318 erpo
945 1231 1060 1317 socien-

38 1327 154 1391 dumsi
175 1326 264 1390 lodic
283 1337 425 1388 occurrat
450 1326 609 1410 Simplex,
643 1350 711 1391 cros
736 1349 805 1392 vero
831 1328 889 1412 fiet
915 1323 1059 1410 Officium

38 1421 173 1505 alicujus
188 1424 296 1497 Feriae,
315 1443 345 1484 v.
361 1444 394 1506 p.
413 1424 511 1484 Ferice
522 1421 606 1484 III?

78 1520 121 1583 R.
140 1519 179 1580 In
194 1538 231 1581 eo
245 1540 320 1583 casu
332 1519 492 1582 subintret
506 1516 603 1582 hodie
617 1516 656 1581 ad
670 1518 830 1603 Vesperas
842 1519 991 1588 Officium
1002 1522 1059 1585 Fe·

38 1612 89 1675 riae
105 1614 314 1694 occurrentis,
332 1613 484 1677 nimirum
508 1614 609 1678 Ferice
636 1615 667 1678 II
685 1616 780 1700 juxta
807 1620 1018 1704 suppositum.

50 1707 194 1801 'Simile
211 1705 289 1793 quid
315 1705 431 1772 accidit
451 1704 565 1772 diebus
592 1709 676 1774 inira
706 1711 853 1777 Oetaeas.
878 1714 1003 1778 Etenim
1033 1713 1059 1777 si

36 1805 130 1870 hodie
146 1816 294 1871 occurrat
319 1805 448 1868 Festum
475 1801 685 1888 Semiduplex
698 1815 729 1869 et
751 1828 821 1870 oras
838 1806 892 1870 fiat
907 1807 1056 1871 Officium

36 1898 75 1962 de
91 1897 143 1963 die
161 1900 242 1962 infra
265 1898 439 1978 Octavam;
459 1917 531 1960 eum
551 1907 725 1984 utrumque
751 1898 792 1963 sit
811 1899 890 1962 ritus
907 1897 1057 1963 Semidu-

37 1995 136 2078 plicis,
150 1995 312 2078 Vespera,
326 1992 420 2078 juxta
439 2013 515 2055 mox
532 1988 681 2073 dicenda,
714 2003 788 2056 sunt
804 1990 1010 2058 dimidiandae
1026 2005 1057 2058 et

36 2090 212 2176 aCapitulo
228 2088 305 2152 fient
327 2087 367 2151 de
383 2086 530 2174 sequenti
547 2086 671 2167 Officio,
689 2088 822 2166 scilieet,
841 2088 881 2152 de
901 2086 954 2152 die
974 2091 1057 2155 infra

36 2185 199 2252 Octavam.
217 2185 295 2248 Cum
312 2191 420 2248 autem
444 2181 513 2246 dies
530 2182 614 2246 inira
638 2183 792 2248 Octavam
816 2195 924 2249 careat
945 2187 1057 2270 primis

36 2280 194 2365 Vesperis,
209 2277 282 2342 ideo
299 2278 476 2365 aCapitulo
492 2277 667 2342 resumitur
679 2277 827 2342 Officium
841 2301 906 2344 non
921 2300 1055 2365 sequen·

38 2373 84 2446 tis,
101 2372 158 2437 sed
183 2375 347 2458 praesentis
362 2396 419 2438 seu
433 2373 631 2438 occurrentis
648 2372 714 2436 diei
728 2373 812 2436 inira
828 2374 994 2438 Octavam.

77 2468 170 2532 Unde
186 2471 359 2554 improprie
372 2480 498 2534 tantum
512 2467 631 2532 dicitur
646 2466 856 2554 Semiduplex
875 2471 927 2534 vel
944 2471 1055 2534 Domi-

38 2563 101 2625 nice
117 2584 310 2627 concurrere
333 2585 408 2627 cum
436 2563 488 2626 die
505 2563 590 2626 infra
606 2562 760 2627 Octavam
778 2585 786 2641 ;
805 2563 864 2626 nisi
882 2565 1055 2646 sumpseris

38 2665 129 2721 totam
146 2657 262 2720 seriem
279 2655 404 2720 dierum
418 2657 501 2720 inira
514 2656 670 2721 Octavam
687 2676 744 2741 pro
768 2676 832 2719 uno
846 2657 939 2721 Festo
952 2657 1055 2721 eonti-

38 2763 140 2834 nuato,
169 2775 241 2816 cum
255 2774 318 2839 quo
334 2750 421 2816 aliud
437 2750 606 2839 quodlibet
621 2772 793 2832 occurrens
810 2752 958 2817 Officium
974 2773 1052 2816 con·

38 2849 144 2912 currit.

73 3031 160 3147 §.2
181 3056 236 3128 De
258 3053 407 3150 Repello
436 3054 475 3128 in
504 3055 775 3130 Concurrentia
802 3051 1008 3126 servandis.

451 3275 526 3359 (ue
551 3273 621 3358 xr).

74 3482 194 3621 Quaestp.
207 3483 260 3545 61.
282 3483 359 3562 Quot
374 3484 488 3569 repelle
502 3490 658 3570 pcnerolcs
672 3424 951 3574 prowmrrentio
967 3487 1051 3549 trudi

40 3586 180 3653 possent.

74 3669 114 3733 R.
128 3669 326 3754 sequentes:
340 3671 460 3735 Prima.
473 3675 510 3736 In
524 3673 753 3740 Concurrentia
765 3673 951 3739 Officiorum
967 3675 1047 3736 ritus

37 3761 180 3826 etcloeeis
204 3764 416 3850 inequaliom,
434 3768 496 3830 hoo
520 3779 567 3832 est
583 3767 713 3853 majoris
740 3791 812 3835 curn
836 3768 964 3845 minori,
993 3771 1046 3831 vel

38 3852 163 3917 minoris
188 3875 262 3917 curn
289 3856 416 3942 majori,
444 3859 526 3924 fiurrt
543 3862 692 3947 Vesperae
709 3864 841 3947 integrae
866 3860 906 3924 de
923 3859 1044 3945 majore

38 3965 103 4010 cum
134 3948 450 4016 Commemoratione
486 3956 643 4038 minoris;
676 3977 918 4042 nonnumquam
949 3957 1044 4020 etiam

39 4037 152 4153 absque
167 4042 325 4128 ejusmodi
348 4045 658 4116 Commemoratione
674 4061 768 4137 prout
783 4049 923 4136 dignitas
943 4049 1042 4135 majo-

41 4153 78 4196 us
93 4139 203 4225 exigit.
