2750 4738
350 243 524 288 cananaeus
541 241 695 286 mssnans.
974 224 1037 290 1⁴5

31 342 57 404 in
71 342 210 408 Rnbriea
225 342 266 408 de
280 345 503 429 Orationibus3
520 355 552 410 et
566 353 689 410 secreto
704 341 857 412 dicuntur
878 348 1036 436 usquead

29 437 75 498 iIIa
98 439 200 503 rerba
225 439 258 504 in
285 443 489 507 conclusione
510 442 576 506 Per
591 442 696 505 omnia
710 439 824 504 seculo
839 439 1033 527 seculorum,

28 552 89 615 quae
102 533 187 597 clara
204 555 282 600 voce
298 537 519 622 proferuntur,
537 544 570 601 et
585 535 739 621 incipitur
751 535 919 622 Praefatio.

62 627 91 689 ἓ.
108 627 322 716 ΔΡηθῐειῑίοιιοε
333 641 441 697 autem
459 628 612 696 dicuntur
624 640 660 695 ut
671 630 703 694 in
719 627 841 695 Ordine
854 631 957 698 Missae
978 653 1032 698 au·

27 728 159 785 notatum
172 732 237 787 est:
249 733 281 788 et
292 747 364 811 quae
376 727 408 790 in
418 725 683 813 Quadragesima,
693 725 850 811 Tempore
861 727 1032 813 Passionis,

27 823 53 877 ct
65 817 222 900 Pascbali,
240 828 274 883 et
288 820 372 886 inira
388 822 525 888 Octavus
542 821 679 908 propriu
695 822 907 908 assignantur,
922 821 1034 890 dieun'·
1101 901 1104 909 Ι
1194 825 1199 835 ’

27 919 70 972 Iar
84 911 179 976 etiam
198 913 230 978 in
253 916 429 980 Dominicis
453 927 484 981 ct
505 916 617 996 Fortis,
642 937 714 1002 quae
737 916 799 980 iilis
821 917 1032 1003 Temporibus

25 1005 231 1087 celebrantur,
264 1009 325 1073 nisi
349 1011 404 1076 illa
425 1013 518 1078 Festa
541 1011 705 1098 propriam
736 1010 959 1076 Praefationom
973 1015 1032 1080 ba·

26 1097 122 1167 beant.

60 1196 89 1258 ὅ.
114 1198 147 1262 Si
164 1199 251 1265 inira
265 1202 419 1267 Octavam
434 1199 571 1287 alicujus
580 1199 677 1283 Festi,
694 1196 783 1287 quod
797 1197 896 1266 babet
911 1201 1030 1268 Preie-

25 1289 130 1356 Iioncm
146 1295 325 1380 propriam,
344 1305 491 1361 occurrat
502 1297 630 1361 Festum
649 1315 690 1358 ex
704 1291 882 1378 majoribus
894 1317 958 1370 non
971 1296 1030 1362 ba·

24 1381 91 1448 bens
104 1389 270 1474 propriam
284 1389 521 1473 Praeiatianem,
538 1388 656 1454 dicitur
669 1387 818 1453 Praeiatio
833 1386 874 1452 de
891 1389 1026 1474 Octava,

24 1480 156 1561 mauvis
169 1480 212 1546 de
229 1504 267 1548 ea
278 1485 365 1548 nulia
381 1485 436 1549 fiat
451 1483 718 1549 Commemoratio
734 1481 767 1546 in
783 1481 890 1549 Missa.

57 1574 86 1636 I.
101 1575 139 1638 In
154 1577 259 1642 Missis
274 1579 389 1644 votivis
402 1575 520 1644 dicitur
535 1579 631 1644 ctiam
649 1576 797 1642 Praefatio
828 1579 970 1664 propria,
1000 1582 1026 1646 si

24 1669 171 1753 propriam
189 1671 348 1738 babeants
373 1673 399 1738 si
414 1694 491 1740 vero
503 1694 567 1738 nan
595 1671 779 1755 habuerint,
796 1668 915 1738 dicitur
937 1674 1027 1739 Pras·

22 1759 86 1824 iatio
100 1762 141 1828 de
156 1766 327 1852 Tempore,
346 1770 398 1834 vel
414 1767 534 1834 Octava
550 1767 633 1832 inira
649 1787 745 1855 quam
771 1766 941 1854 contigerit
963 1769 1025 1834 ha·

19 1851 147 1937 jusmodi
165 1861 277 1926 Missas
289 1862 465 1927 celebrarit
498 1862 640 1950 alioquin
655 1861 820 1927 Praefatio.
832 1863 1022 1928 eommunis.

21 1951 52 2013 Et
65 1953 192 2037 quando
204 1957 312 2044 aliqua
328 1958 420 2023 Missa
434 1958 541 2025 votiva
557 1978 614 2044 pro
626 1977 720 2022 causa
733 1954 861 2041 publica
872 1958 1024 2022 solemni-

23 2052 61 2106 ter
80 2050 273 2134 cclebratur‚
292 2050 411 2119 dicitur
426 2055 457 2118 in
471 2063 566 2117 cantu
581 2051 729 2130 sideman
757 2060 794 2115 ut
817 2050 848 2113 in
878 2051 1022 2136 Duplici-

21 2137 80 2203 bus.
96 2143 132 2206 In
148 2145 253 2210 Missis
268 2147 500 2213 Defunctorum
515 2165 720 2234 quocumque
736 2155 880 2230 tempore
895 2166 1023 2233 semper

22 2229 125 2302 dicitur
138 2240 290 2306 Praefatio
302 2242 491 2308 communis.

56 2331 84 2394 5.
106 2333 141 2397 ln
172 2336 349 2400 Dominicis
375 2356 589 2423 perannum,
617 2332 748 2422 quanda
768 2355 833 2398 non
863 2334 1021 2402 habeatnr

21 2423 152 2492 Prsiatio
165 2430 309 2516 propria,
326 2430 601 2497 diciturPraeiatio
614 2427 654 2493 dc
670 2427 835 2512 Trinitato,
865 2439 899 2493 nt
924 2453 1020 2496 anno·

22 2528 104 2586 latum
113 2522 183 2609 jam
201 2535 250 2590 est
261 2526 294 2589 in
308 2524 429 2591 Ordine
441 2527 554 2591 Missae.

55 2617 82 2680 6.
104 2620 183 2684 Post
194 2621 421 2686 Praeiationem
450 2620 602 2707 incipitur
633 2619 741 2688 Conon
763 2620 868 2684 Missae
882 2634 1017 2707 secreto,

21 2708 111 2796 inquo
126 2725 299 2780 serventur
320 2717 423 2782 omnia
445 2726 481 2782 ut
497 2716 529 2781 in
555 2713 677 2781 Ordine
711 2715 824 2780 Missae.
851 2715 913 2780 Ubi
942 2740 1018 2784 vero

22 2801 86 2870 inira
121 2809 282 2874 actionem
319 2811 585 2877 Conamuoienntes
624 2821 657 2875 et
689 2812 779 2874 Hanc
816 2812 927 2895 aptior,
966 2816 1017 2878 voi

21 2898 67 2961 alia
89 2904 205 2968 variari
229 2907 397 2994 contingit,
422 2927 478 2972 sua
495 2908 564 2974 loco
581 2907 612 2970 in
629 2905 767 2991 propriis
793 2904 895 2968 Missis
917 2927 1017 2970 anno·

22 2999 99 3058 tatur.

20 3268 54 3342 II
54 3273 118 3350 III.
140 3279 197 3354 Da
224 3280 500 3370 Commanao'one,
544 3278 782 3356 Orationibus
803 3288 889 3374 post
907 3279 1014 3356 Cona-

58 3393 272 3490 ntonionenn
310 3392 364 3468 Ite
406 3392 520 3487 Missa
561 3401 623 3481 est,
661 3391 719 3466 oeI
747 3391 1013 3467 Benedieomns

56 3499 225 3680 §mmm
262 3505 306 3580 de
347 3500 616 3595 amonicione,
655 3511 689 3576 eI
727 3502 931 3597 Eooarpaiio
970 3503 1008 3577 S.

78 3631 221 3688 oannes.

53 3841 81 3906 1.
102 3843 237 3928 Expieto
250 3843 391 3927 Conone,
409 3855 441 3910 et
458 3845 527 3908 aliis
549 3842 698 3910 omnibus
719 3861 820 3929 usque
841 3838 881 3906 ad
915 3841 1010 3908 com·

19 3935 197 4020 munionem,
216 3958 253 4001 ea
276 3949 416 4024 peracta,
434 3937 551 4003 dieitur
575 3935 758 4002 Comrnonio
786 3946 818 4000 et
845 3935 1010 4001 Orationes

17 4040 70 4108 pont
86 4028 347 4118 Communicabis,
366 4033 479 4099 eodem
491 4031 586 4097 modo
603 4042 635 4097 et
649 4029 762 4096 ordino
778 4041 813 4095 ut
839 4030 870 4093 in
888 4029 1009 4115 princi·
1089 4074 1093 4082 -

19 4122 59 4204 pio
82 4126 195 4211 Missae3
230 4136 262 4191 ct
284 4131 420 4214 repetito
446 4131 597 4194 Dominus
625 4126 789 4209 nobiscnm,
811 4123 937 4200 ¹dieitur
963 4124 1008 4186 Ite
