2806 4736
330 210 369 280 56
725 224 917 274 aunsrronrs

371 336 416 398 5⁰.
433 331 466 396 Si
482 341 656 416 utrumque
682 329 810 393 Festum
837 328 973 415 ejusdem
988 329 1152 414 dipm'totis
1181 345 1238 414 cst,
1262 312 1325 398 tnnc

316 433 380 497 ¹rel
402 436 509 514 potest
524 424 718 489 Solemnitas
736 425 769 486 in
784 423 973 486 ulteriorem
990 421 1111 487 dill'erri
1126 426 1322 507 Dominioam,

327 527 379 592 vel
394 524 464 589 loeo
480 519 604 586 Votirae
629 515 692 579 dici
717 518 811 582 Missa
827 514 868 580 de
883 518 976 581 Festo
993 531 1183 584 oecurrente
1199 543 1268 586 cum
1281 521 1324 584 ad·

327 619 449 684 ditione
464 611 625 676 Orationis
652 609 776 676 Volivae
800 609 861 673 sub
891 630 955 674 una
980 613 1197 696 conclusione,
1221 627 1251 679 et
1275 616 1324 678 sub

327 718 426 780 altera
441 706 644 773 conclusione
660 706 740 768 liunt
765 704 1093 770 commemorationes
1115 709 1285 774 Dominiea
1299 720 1323 772 ct

327 812 474 884 aliorum,
493 803 518 866 si
543 823 614 887 quae
626 800 695 864 fieri
711 798 853 865 debeant
865 801 991 887 (quast.
1017 803 1105 886 150).

370 905 490 986 Quoest.
517 898 572 961 97.
601 896 761 975 Quomodo
781 897 936 983 operarium
953 897 1077 983 quondo
1095 899 1166 962 duae
1189 899 1323 964 Solermr'-

327 1013 401 1069 totas
416 1001 449 1062 ia
465 993 599 1059 eamdem
613 994 809 1056 Dominioam
831 1003 904 1055 ararat
918 992 1167 1078 trarufcrendoe?

367 1098 410 1162 Il.
429 1088 620 1156 solemnitas
642 1084 837 1150 celebranda
864 1097 911 1150 est
941 1085 982 1149 de
1009 1085 1163 1173 digniori,
1188 1098 1323 1152 ettrans-

325 1184 458 1257 ferenda
474 1191 527 1266 est
537 1180 729 1244 solemnitas
751 1181 858 1244 minus
873 1178 972 1266 digna
987 1178 1027 1256 ad
1048 1182 1242 1245 Dominioam
1258 1182 1324 1243 sub-

325 1287 524 1371 sequentem.
541 1273 636 1338 Casus
649 1282 697 1335 est
708 1274 740 1335 in
758 1273 906 1336 Ecclesiis
921 1272 979 1336 ubi
992 1273 1025 1336 S.
1041 1273 1182 1337 Joannes
1196 1275 1322 1358 Baptista

326 1390 373 1446 est
402 1378 572 1447 Patronus,
604 1363 735 1453 quando
751 1367 794 1429 50
809 1365 888 1428 Julii
911 1376 959 1429 cst
977 1366 1167 1449 Dominiea,
1193 1367 1224 1430 in
1249 1367 1322 1429 illam

323 1467 525 1540 Dominioam
540 1458 769 1526 transferendae
784 1470 858 1524 sunt
875 1461 1099 1525 solemnitates
1115 1462 1148 1524 S.
1161 1461 1287 1525 loannis
1298 1471 1323 1522 et
1384 1473 1385 1496 l

324 1569 383 1634 ss.
400 1560 487 1626 Petri
503 1567 535 1621 et
549 1556 658 1635 Paufi3
683 1552 740 1617 sed
763 1553 952 1640 praevalebit
976 1556 1169 1619 Solemnitas
1185 1556 1218 1618 S.
1236 1556 1322 1618 Joan-
1384 1529 1385 1578 l

323 1664 373 1746 nis
382 1654 533 1741 Baptista
547 1662 711 1737 tamquam
725 1651 809 1713 Festi
824 1647 992 1736 dignioris.

396 1763 460 1818 ota.
484 1747 629 1832 Spceiale
646 1742 808 1808 indultum
820 1742 884 1832 ,die
907 1748 922 1809 l
942 1745 1142 1831 Septembris
1159 1746 1240 1809 1858
1256 1768 1322 1810 eon-

323 1869 446 1920 cessum
459 1855 506 1908 est
519 1841 668 1906 Ecclesiae
691 1841 946 1925 metropolitana
970 1863 1029 1926 pro
1050 1861 1138 1922 casu,
1158 1864 1222 1928 quo
1243 1844 1322 1906 sole-

322 1945 439 2011 mnitas
462 1939 496 2002 S.
519 1932 674 2000 Rumoldi
699 1945 731 1998 et
757 1934 949 1998 solemnitas
966 1934 1024 1997 ss.
1042 1934 1131 1999 Petri
1149 1946 1180 1999 et
1197 1937 1280 1999 Pauli
1295 1938 1321 1997 in

324 2037 437 2104 eadem
451 2030 618 2097 Dominiea
634 2027 792 2106 incidunt,
811 2027 899 2115 quod
911 2039 987 2092 tuno
1007 2039 1136 2092 notatur
1152 2030 1184 2092 in
1197 2028 1322 2092 directo-

322 2136 384 2198 rio.
402 2123 589 2193 Cavendum
606 2134 745 2210 ergoest
761 2145 802 2186 nc
815 2121 856 2187 ad
870 2123 947 2186 alias
962 2123 1120 2187 Ecclesias
1145 2120 1322 2186 extendatur

323 2247 397 2293 oum
409 2225 449 2288 sit
465 2219 664 2306 particularis
676 2220 851 2283 concessio.

398 2327 487 2383 uoest.
505 2314 559 2378 98.
573 2314 610 2378 Si
632 2316 756 2378 Festum
779 2314 917 2398 Petroni
942 2313 977 2376 ol>
1005 2315 1228 2376 occurrentium
1251 2313 1325 2374 Festi

324 2416 488 2503 diprrioris,
509 2409 607 2473 Fer-ica
628 2408 845 2494 privilepa'atoe,
865 2419 919 2471 ete.
948 2407 1116 2494 transferri
1144 2405 1227 2469 debet
1250 2405 1323 2468 ultro

319 2513 494 2596 praetimere
522 2504 729 2583 Dominioam,
756 2506 908 2566 arretium
931 2505 1015 2565 Festi
1038 2500 1227 2566 Solerrruitas
1249 2501 1322 2563 ultro
1383 2549 1384 2554 ,

323 2607 400 2668 laeuo
417 2599 611 2664 Dominioam
635 2597 802 2679 rejicienda
819 2607 862 2659 est
874 2594 893 2658 Ρ

363 2697 407 2761 n.
431 2689 597 2775 Negatire,
615 2687 711 2752 modo
727 2689 796 2752 haec
817 2689 983 2752 Dominiea
1002 2688 1044 2751 ob
1072 2687 1167 2750 aliam
1180 2686 1321 2748 rationem
1383 2681 1384 2756 l

322 2812 386 2856 non
399 2786 524 2873 rejiciat
549 2806 568 2847 a
583 2807 616 2848 se
632 2785 876 2848 solemnitatem
891 2783 1090 2846 translatam.

396 2891 486 2946 uaest.
519 2881 572 2944 99.
597 2880 651 2942 Ara
673 2877 860 2942 Solemuitos
898 2876 1150 2960 supradictorum
1179 2877 1319 2937 Festoruar

353 2983 415 3043 iem
444 2974 658 3060 transferendo
686 2985 730 3036 est
756 2971 878 3058 quando
912 2971 968 3034 itta
988 2973 1077 3033 Festo
1109 2979 1270 3033 occurrant
1294 2967 1320 3025 ia

323 3066 520 3135 Dominiea?
772 3063 774 3068 ’
908 3057 910 3064 ’

366 3167 409 3230 R.
434 3163 600 3248 Negative,
619 3175 684 3226 lam
702 3166 734 3227 in
750 3184 824 3227 casu
839 3183 902 3248 quo
932 3162 1023 3223 Festa
1042 3161 1095 3222 illa
1109 3164 1278 3222 occurrunt
1295 3159 1319 3212 el

323 3260 528 3328 celebrantur
550 3259 581 3320 iu
597 3259 774 3334 Dominiea,
805 3279 902 3344 quam
919 3258 951 3319 in
975 3276 1049 3318 casu
1066 3275 1130 3339 quo
1163 3255 1319 3315 occurrunt

324 3352 454 3446 quidem
471 3354 502 3416 in
514 3353 691 3430 Dominiea,
720 3353 776 3432 sed
793 3354 834 3415 ab
849 3374 885 3414 ea
904 3349 1096 3436 rejiciuntur
1122 3348 1164 3411 ob
1195 3339 1319 3408 Domini·

322 3473 392 3518 cam
407 3450 419 3512 l
437 3449 492 3529 cl.,
507 3449 558 3512 vel
569 3448 698 3510 Festum
710 3446 839 3533 dignius
850 3447 883 3509 in
898 3467 934 3509 ca
946 3464 1130 3523 occurrens,
1137 3441 1230 3526 juxta
1240 3453 1320 3520 regu·

151 3619 154 3626 ,
320 3549 367 3612 las
390 3542 618 3627 Occurreutim.
641 3542 736 3605 Ratio
751 3541 848 3626 hujus
872 3551 918 3604 est
942 3536 1030 3625 quod
1054 3536 1184 3623 quando
1206 3535 1319 3596 Festum

243 3714 248 3724 ι
320 3640 444 3704 habens
465 3637 666 3701 feriationem
681 3658 839 3700 annexam
864 3636 1066 3714 transfertur,
1086 3649 1260 3716 numquam
1280 3635 1319 3686 ta-

321 3753 396 3796 men
415 3729 626 3794 transferatur
641 3731 780 3811 feriatio,
812 3727 868 3793 sed
901 3738 1029 3791 maneat
1051 3726 1145 3790 affixa
1172 3722 1236 3786 dici
1265 3734 1319 3802 quo

321 3827 450 3889 Festum
464 3825 653 3888 occurrebat
677 3826 755 3906 (sola
782 3823 939 3908 excipitur
963 3817 1198 3899 Annuntiatio).
1221 3814 1320 3894 Neque
1382 3887 1383 3904 ἦ

323 3920 419 3983 etiam
434 3916 474 3980 de
486 3939 524 3981 eo
536 3941 611 3982 casu
627 3921 693 4005 agit
706 3917 865 3983 indultum
879 3939 936 4002 pro
949 3914 1138 3979 reductione
1153 3913 1316 3976 Fastorum,

345 4009 410 4076 uod
433 4008 573 4095 disponit
587 4024 710 4079 tautum
727 4013 767 4077 de
790 4013 891 4076 Festis
903 4011 965 4074 illis
977 4005 1231 4097 quandocadunt
1242 4007 1317 4062 extra
1382 3989 1383 4080 l

321 4106 520 4170 Dominioam
534 4133 543 4188 5
562 4108 667 4170 omnia
684 4129 760 4194 crgo
777 4117 967 4191 permanent
980 4106 1062 4169 sicut
1074 4114 1147 4166 ante
1159 4097 1315 4164 indultum.
