2806 4736
382 217 413 259 rn
437 215 587 260 nunnrcss
611 217 756 264 russeus,
1036 201 1078 264 79

113 323 231 404 Quaest.
257 323 332 387 111.
361 320 445 400 Quid
466 323 499 384 io
523 321 627 384 Missis
652 319 836 384 solemnibus
862 323 1079 388 seruandum?

113 419 154 482 R.
169 417 288 481 Omnes
299 413 400 480 Missae
415 416 572 478 solemnes
585 411 625 476 dc
637 415 797 500 Requiem
811 416 906 480 ctiam
919 418 991 497 illae,
1007 441 1078 506 qum

78 508 184 576 diebus
213 510 410 576 solemnibus
440 508 654 592 celebrantur,
684 512 717 574 in
747 520 821 574 tono
846 511 1079 578 lerialidecun·

78 606 128 668 tari
154 604 286 669 debent.
301 607 436 689 Insuper
451 625 511 668 reon
529 606 705 668 incensatur
719 604 829 668 Altare
844 606 885 668 ad
899 607 1078 687 Introitunr,

79 711 100 761 ct
120 699 341 778 subdiaconus,
372 699 463 784 finita
492 699 644 783 Epistola,
676 721 738 764 non
769 699 926 764 osculatur
953 723 1080 767 manum

78 792 260 872 celebrantis,
293 815 345 857 nee
372 792 578 856 benedicitur:
595 793 741 857 diaeonus
768 813 830 856 nan
852 795 930 877 petit
960 795 1081 861 benedi·

78 891 208 969 ctionem,
226 911 279 953 nec
309 887 466 952 osculatur
492 888 668 952 celebrantis
690 910 834 952 manum:
858 909 919 952 nan
944 901 1083 954 tenentur

80 981 243 1048 lcrrrrinaria
268 984 308 1047 ad
337 983 552 1068 Eaanprlinm,
585 994 793 1067 neoportatar
818 984 987 1047 incensam.
1011 985 1082 1049 Man

80 1081 248 1144 insensatae
277 1079 363 1160 liber,
381 1099 433 1140 nec
449 1081 482 1141 in
496 1077 559 1162 fine
574 1077 738 1158 celebrans,
767 1098 820 1140 nec
845 1076 981 1163 defertur
1007 1078 1082 1143 liber

79 1174 267 1257 osculandus,
292 1173 392 1238 oblata
408 1183 434 1236 et
448 1172 558 1236 Altera
573 1175 792 1236 incensantur:
808 1173 983 1235 incensatur
998 1172 1081 1237 salus

80 1267 223 1332 celebrans
246 1280 275 1332 ct
288 1289 350 1331 uon
367 1266 435 1331 alii.
459 1267 672 1331 Subdiaconus
687 1287 749 1328 non
766 1276 844 1328 tenet
856 1277 1012 1349 patenunr,
1030 1267 1082 1331 soal

79 1371 203 1444 ternpore
225 1361 400 1424 elevationis
423 1360 614 1424 Sacramenti
638 1360 817 1446 qenufleaus
839 1361 873 1422 in
894 1381 988 1424 corna
1003 1362 1082 1445 Epi-

79 1455 157 1520 scota
179 1457 260 1520 illud
277 1460 426 1520 incensat.
443 1456 582 1518 Ministri
596 1475 665 1517 curn
680 1454 799 1540 aliquid
813 1457 981 1540 porripant
1006 1457 1080 1520 cete-

80 1548 186 1628 branti‚
217 1573 278 1615 nan
308 1549 486 1614 osculantur
515 1553 581 1634 ejus
614 1571 752 1627 manum,
784 1570 881 1636 neque
911 1572 986 1631 reru,
1014 1573 1082 1637 pace

78 1647 245 1730 parcipitur
260 1645 364 1728 (Ritus
379 1644 498 1708 celebr.
516 1644 576 1706 Tit.
592 1645 682 1721 XIII,
700 1666 732 1730 n..
752 1645 797 1727 2).

118 1743 236 1824 Quaest.
254 1743 330 1807 lle.
359 1742 443 1822 Quid
465 1744 635 1826 pcneratinc
656 1763 715 1826 pro
741 1743 845 1806 Missis
860 1742 896 1805 de
922 1733 1080 1832 Reqiuem
1132 1705 1185 1834 Ἄ

79 1837 277 1901 ructandum?
743 1907 747 1913 ,

119 1933 160 1997 R.
177 1934 214 1996 Iu
240 1933 342 1996 Missis
367 1930 407 1994 de
430 1933 574 2015 Requiem
604 1930 682 1994 nihil
709 1929 838 1994 additur
864 1933 915 1996 vel
942 1943 1103 1999 mutetur·

80 2028 195 2090 ratione
210 2028 294 2092 Festi
324 2027 503 2091 occurentis
521 2028 569 2089 rel
596 2027 766 2110 temporis3
789 2048 853 2089 rran
879 2027 963 2091 fiunt
988 2029 1082 2094 Corn·

80 2123 318 2187 memoratioues
335 2144 393 2186 nec
409 2121 526 2184 dicitur
543 2122 709 2206 imperata.
723 2123 856 2207 Semper
867 2123 1082 2209 legiturPrae-

80 2217 151 2280 latio
167 2217 356 2300 cammuniS,
377 2215 642 2281 Cornrnnnicantes
673 2217 759 2299 item,
779 2227 810 2280 et
828 2217 858 2278 in
887 2217 949 2280 linc
976 2220 1082 2284 Evan-

79 2311 194 2395 gelium
228 2313 261 2376 S.
297 2312 439 2376 loannis.
475 2310 614 2375 Tandem
647 2312 714 2375 sive
743 2333 806 2396 pra
838 2312 983 2395 pluribus
1015 2314 1082 2380 sive

78 2426 132 2488 pro
158 2428 220 2472 uno
247 2408 449 2488 celebretur,
482 2427 608 2489 semper
638 2405 669 2466 iu
701 2404 817 2490 plurali
847 2403 990 2468 dicitur:
1023 2409 1082 2470 Rc-

77 2504 170 2586 quiem
186 2515 330 2566 aeternam
346 2502 427 2565 dona
443 2504 484 2565 eis
496 2502 626 2564 Dominae
635 2523 646 2576 ,·
659 2502 859 2585 Requiescunt
874 2502 908 2563 in
920 2522 1005 2583 pace,
1017 2512 1079 2566 etc.

118 2595 234 2675 Quaest.
260 2597 335 2660 145.
364 2595 447 2674 Quot
479 2594 642 2661 Orationes
669 2594 816 2657 dicuntur
843 2596 876 2656 in
903 2596 1007 2658 Missis
1045 2597 1082 2660 de

13 2769 16 2778 Δ
78 2689 261 2775 Requiem?

116 2790 157 2854 R.
176 2791 218 2852 1⁰.
235 2787 355 2852 Diebus
370 2787 601 2851 Defunctorum
627 2785 823 2848 solemnibus
849 2794 914 2848 tarn
937 2786 970 2848 in
986 2787 1080 2852 Missa
1138 2739 1186 2926 ᾗ

76 2884 194 2968 pelvata
209 2905 306 2970 quam
322 2884 454 2947 solemni
479 2882 598 2946 dicitur
620 2902 684 2944 uua
711 2890 835 2944 tantum
863 2880 985 2963 Oratio,
1004 2885 1080 2967 quia

77 2990 149 3042 tunc
178 2979 270 3042 Missa
295 2988 343 3042 est
379 2979 459 3044 ritus
489 2977 644 3062 Duplieis.
677 2977 976 3067 Solemncslautem
1006 2990 1080 3044 suut

76 3083 241 3156 sequentes
267 3070 352 3136 dies:
375 3070 644 3135 Commemoratio
670 3069 822 3133 Omnium
837 3068 998 3135 Fidelium
1019 3074 1079 3136 De·

76 3165 264 3240 iunctorum,
296 3167 316 3230 2
345 3166 551 3247 Novembris;
581 3163 650 3235 dies
677 3164 792 3229 Obitus
816 3186 872 3229 seu
898 3168 1078 3252 Depositis·
1105 3223 1108 3229 .

76 3260 140 3340 nis3
163 3259 230 3324 dies
257 3261 381 3342 tertius,
397 3261 562 3346 septimus,
583 3259 765 3346 trigesimus
791 3270 822 3323 et
841 3261 1079 3330 autriversarlus

74 3355 114 3416 ab
129 3354 222 3418 Obitu
239 3357 315 3440 (Tit.
331 3357 372 3433 V,
387 3378 421 3420 u.
439 3355 485 3439 5).
589 3349 592 3358 ’

115 3451 159 3514 2⁰.
172 3450 291 3513 Diebus
317 3473 380 3513 non
397 3451 593 3515 solemnibus
611 3451 708 3513 etiarn
729 3448 845 3510 dicitur
868 3469 931 3511 una
957 3460 1077 3515 tanturn

76 3543 180 3609 Oratio
195 3547 447 3632 quandocumque
467 3567 526 3630 pro
541 3545 703 3632 Defunctis
717 3544 893 3608 solemniter
909 3543 1080 3609 celebratur

73 3639 145 3720 (Til.
161 3638 200 3721 V,
217 3662 250 3703 u.
269 3641 324 3724 3);
342 3645 459 3725 quoties
475 3643 571 3703 Missa
588 3640 623 3702 de
641 3642 755 3725 Requie
770 3638 951 3723 quotidiana
966 3639 1077 3703 decan-

73 3744 154 3794 tatur
166 3756 234 3796 cunc
250 3735 376 3798 diacono
393 3748 420 3798 et
435 3734 635 3816 subdiacono,
654 3745 776 3816 excepta
800 3735 903 3815 prirna
926 3733 974 3797 die
996 3755 1079 3797 men·

72 3830 113 3890 sis
139 3839 163 3890 et
187 3831 277 3892 Feria
291 3830 328 3891 ll
339 3831 387 3914 (S.
405 3833 447 3895 R.
466 3831 501 3895 C.
521 3831 561 3893 16
579 3829 698 3914 Aprilis
713 3827 811 3911 1855)
827 3837 859 3890 et
881 3830 914 3890 in
930 3830 1026 3892 Missa
1041 3830 1086 3895 de'

73 3922 179 4005 Requie
195 3944 261 3986 cunr
280 3935 370 3986 cantu
389 3926 437 4003 (S.
454 3926 496 3989 R.
514 3923 550 3987 C.
570 3926 610 3986 le
629 3910 766 4009 Augusti
783 3922 867 3984 1854
884 3931 915 3984 et
931 3923 972 3986 19
989 3925 1076 3988 lunii

112 4111 156 4176 5⁰.
181 4115 217 4177 In
246 4114 326 4178 Aliis
362 4115 510 4180 omnibus
542 4115 642 4179 Missis
676 4113 716 4176 de
745 4114 898 4198 Reqru'ern,
926 4110 1077 4178 dicuntur
