2754 4740
365 215 398 256 ur
413 213 565 258 nuenrcss
581 217 755 261 euerritur.
824 259 826 262 .
1021 205 1061 279 51
1092 252 1098 265 .

56 316 127 396 Qua
152 317 314 402 dispositio
346 317 445 382 locum
473 316 693 384 haberentet
718 323 752 384 in
783 325 922 391 omnibus
942 329 1059 408 Fertis,
1154 407 1159 416 ¹

53 423 77 475 et
96 411 278 497 Duplieibus
299 423 364 476 tum
386 425 402 474 1
422 424 486 476 turn
503 424 523 475 2
542 412 595 492 cl.,
617 424 737 499 excepto
752 414 861 480 ultimo
877 419 980 484 triduo
996 444 1064 486 ma-

5 513 7 520 ’
46 509 124 588 juris
142 507 360 584 Hebdomade,
380 509 477 572 Fertis
492 509 625 574 Pascite
640 520 668 572 et
690 509 883 578 Pentecostes
898 535 966 578 eum
983 515 1064 580 dua·

53 601 103 664 bus
127 601 322 686 sequentibus
334 603 433 666 Feriis
450 612 581 668 tanturn.

91 693 208 774 Quaest.
236 695 291 757 52.
320 694 398 774 Qum
428 707 472 761 est
501 697 674 783 differentia
702 700 784 762 inter
813 707 1014 770 mutationem
1035 719 1062 770 et

54 788 312 855 translationem?

91 885 132 948 R.
157 885 300 973 Utraque
316 897 363 951 est
377 888 495 952 amotio
523 890 608 953 Festi
631 911 650 953 u
677 887 729 952 die
754 909 810 954 sue
836 893 966 978 propriu
982 904 1013 958 et
1030 895 1062 959 iu

54 971 144 1034 etiem
161 969 247 1036 diem
264 973 453 1056 collocuti03
477 975 534 1040 sed
549 975 684 1040 mutatio
707 986 755 1040 est
770 976 887 1040 amotio
899 992 1062 1064 perpetuo,

52 1077 266 1154 perpetuaque
281 1066 366 1132 sedis
377 1069 508 1136 ulterius
523 1072 701 1156 occupatio,
716 1069 795 1134 dum
808 1092 825 1134 e
838 1082 949 1136 contre
960 1083 1062 1138 treus·

53 1159 135 1242 latio,
154 1169 196 1224 ut
215 1159 337 1226 dictum
362 1161 423 1228 fuit
444 1176 556 1250 quaest.
578 1165 634 1242 tu,
658 1175 704 1229 est
730 1167 915 1249 temporaria
939 1175 1064 1232 tontum

53 1253 177 1318 amotio.
202 1256 330 1319 Festum
347 1257 433 1320 enim
457 1259 646 1345 transfertur
668 1279 687 1321 u
711 1255 763 1322 die
786 1276 842 1321 suu
865 1259 995 1343 propriu
1021 1261 1064 1325 ob

52 1346 314 1433 impedimentum
328 1349 537 1434 accidentale,
557 1373 621 1441 quo
635 1362 790 1434 cessante,
805 1348 890 1414 redit
904 1349 945 1414 ad
961 1355 1064 1438 pristi-

51 1463 119 1506 nem
150 1465 240 1508 suum
266 1444 388 1529 sedern,
422 1447 456 1511 iu
482 1471 546 1536 que
576 1468 704 1533 semper
732 1457 878 1511 remanet
896 1469 904 1524 ;
922 1461 1063 1513 mutatur

51 1558 121 1602 vero
143 1541 185 1604 ob
203 1540 472 1627 impedimentum
494 1553 651 1630 perpetuo
671 1562 844 1607 occurrens
870 1542 903 1606 iu
918 1540 972 1606 die
988 1566 1064 1630 pro·

50 1633 125 1715 prio,
155 1655 226 1721 quae
256 1632 374 1700 desinit
406 1659 474 1702 esse
501 1637 570 1704 dies
598 1637 694 1721 Festi,
722 1647 754 1701 et
780 1637 831 1700 cui
851 1636 1064 1722 proindeulie

50 1736 209 1816 tamquam
239 1731 368 1814 propriu
398 1733 578 1820 assignetur
608 1733 641 1796 in
668 1741 873 1818 perpetuum.
904 1732 957 1797 Sic
978 1755 1009 1798 v.
1027 1757 1061 1820 g.

53 1821 82 1884 S.
97 1821 282 1910 Gregorius,
299 1826 386 1911 Papa
398 1828 471 1911 VII,
486 1838 519 1893 et
533 1830 567 1894 S.
585 1829 686 1893 Maria
700 1823 891 1912 Mugdeiena
902 1823 943 1889 de
958 1828 1064 1892 Puzzis

54 1914 163 1981 eodem
182 1915 235 1982 die
247 1919 289 1983 25
305 1919 381 2006 Maji
397 1921 573 1988 obierunt:
601 1925 730 1987 Festum
754 1920 788 1983 S.
806 1919 960 2004 Virginis,
983 1921 1063 1985 ritus

55 2009 285 2098 Semiduplicis,
310 2026 466 2100 perpetuo
483 2019 671 2083 translatum
690 2025 737 2079 est
762 2014 796 2076 iu
810 2011 896 2078 diem
915 2015 956 2077 tt
973 2015 1062 2100 Meji,

56 2101 181 2169 Festum
212 2116 320 2172 eutem
345 2109 378 2172 S.
408 2109 568 2200 Gregorii,
595 2111 733 2195 Duplex,
764 2109 797 2172 in
826 2108 894 2192 ipso
926 2129 983 2171 suo
1012 2106 1065 2172 die

56 2200 194 2266 natalitio
210 2204 393 2270 celebratur
406 2204 488 2290 (cfr.
506 2205 769 2294 Martyrolcgium
790 2205 975 2269 Romanum
998 2200 1066 2266 die·

53 2293 110 2358 hus
133 2297 262 2383 citetis).
278 2300 331 2365 Sic
356 2302 452 2365 etiem
467 2303 501 2366 iu
515 2299 712 2366 Kelenderis
727 2297 920 2388 dioeeeseuo,
938 2294 1007 2360 dies
1023 2299 1065 2362 ts
1177 2382 1181 2392 Ι

53 2390 235 2459 Decembris
264 2396 422 2482 assignata
446 2397 507 2461 luit
531 2397 624 2461 Festo
646 2398 680 2461 S.
701 2396 853 2475 Wivinae,
872 2414 942 2479 quae
957 2402 1064 2456 tumen

54 2483 129 2551 obiit
150 2485 203 2551 die
220 2489 260 2551 17
277 2486 424 2574 ejusdem
441 2491 571 2573 mensis,
590 2511 655 2576 quo
670 2488 724 2553 die
739 2489 921 2553 celebretur
934 2485 1062 2549 Festum
1080 2496 1084 2500 '

54 2581 84 2644 S.
96 2583 226 2670 Beggre.

92 2675 175 2740 Hinc
201 2676 390 2764 intelligitur
419 2677 506 2766 quod
535 2679 627 2744 Festa
658 2680 859 2759 Sanctorum,
885 2674 944 2739 uisi
960 2675 1064 2760 impe-

54 2769 189 2854 diuntur,
201 2773 396 2858 regulariter
407 2773 612 2839 celebrentur
625 2775 657 2837 in
674 2793 786 2837 eorum
802 2769 855 2836 die
870 2770 988 2846 abitus3
1001 2771 1063 2856 ¹qui

53 2865 118 2930 dies
129 2869 257 2954 proprie
267 2867 385 2933 dicitur
406 2869 569 2934 natalitius
583 2890 641 2934 seu
656 2868 771 2932 natalis
786 2889 844 2953 pro
858 2865 1061 2951 Martyribus,
1180 2957 1181 2961 Ἰ

52 2959 196 3044 depositio
206 2983 283 3026 vero
296 2983 353 3026 seu
366 2967 515 3028 transitus
525 2984 583 3048 pro
594 2962 837 3028 confessoribus
848 2961 982 3046 aliisque
998 2981 1062 3024 uon

52 3055 251 3144 Martyribus.
268 3059 350 3122 Usus
364 3068 470 3122 tamen
485 3058 584 3144 vulgo
599 3057 733 3136 obtinet,
747 3066 783 3121 ut
794 3055 909 3119 natalis
922 3053 1065 3138 appelle·
1187 3118 1192 3127 ,

53 3160 102 3213 tur
118 3148 197 3234 dies,
215 3173 280 3238 quo
303 3151 422 3230 Sancti,
440 3152 507 3216 sive
524 3151 676 3238 martyrio
691 3152 758 3217 sive
781 3148 943 3214 ordinarie
961 3159 1064 3212 morte

53 3265 89 3308 ex
100 3245 160 3310 hec
175 3246 240 3311 vite
255 3243 460 3329 decedentes,
477 3243 519 3309 ud
536 3248 697 3310 coelestem
722 3244 929 3309 transierunt.

93 3340 211 3421 Quaest.
236 3341 290 3405 55.
314 3341 365 3404 Da
379 3361 484 3406 cesum
494 3352 544 3406 sat
557 3341 746 3427 frequentem
760 3338 941 3400 murtationis
951 3337 1065 3420 facien»
1103 3355 1110 3407 'r

52 3433 95 3498 dre
110 3439 143 3500 in
161 3437 305 3512 &eclesiis
316 3427 570 3522 particularibus.
1081 3410 1112 3467 β
1296 3448 1298 3451 ’

61 3527 64 3532 ’
91 3531 133 3594 R.
152 3531 248 3596 Casus
271 3532 423 3618 frequens
448 3532 588 3597 occurrit
612 3532 645 3594 iu
670 3529 762 3592 Festo
779 3524 916 3590 Petroni
938 3525 1000 3589 loci
1031 3535 1064 3589 et
1105 3445 1306 3630 hidulphi,-

51 3625 141 3689 Titnli
163 3628 310 3692 Ecclesiae
336 3649 514 3716 corumque
541 3625 593 3691 die
617 3624 953 3707 conventumque
976 3621 1062 3684 enim

49 3718 175 3784 Festum
196 3719 317 3785 ibidem
344 3721 463 3809 gaudet
492 3725 556 3787 ritu
578 3719 705 3806 Duplici
734 3719 749 3782 1
780 3719 821 3781 cl.
845 3737 918 3780 cum
942 3715 1063 3780 Octava

50 3813 168 3898 (quaest.
182 3816 246 3880 let
260 3817 316 3900 29)
330 3841 338 3897 ;
352 3817 439 3904 etqui
455 3817 524 3882 fieri
540 3826 644 3903 potest
659 3824 695 3878 ut
718 3810 833 3876 eadem
853 3808 906 3874 die
921 3809 1013 3874 Festo
1030 3810 1063 3883 in

50 3906 243 3974 Kalendario
273 3911 421 3978 Ecclesiae
457 3912 659 3991 universalis,
698 3910 750 3973 vel
789 3905 945 3988 dioecesis,
974 3901 1062 3969 uliud

51 4015 193 4070 occurret
217 4007 345 4092 Duplex
373 4008 425 4072 vel
454 4005 684 4092 Scmiduplex3
702 4001 801 4089 quod,
819 4021 893 4065 cum
909 4009 1064 4085 perpetuo

52 4096 259 4184 impedietur,
307 4102 368 4166 erit
401 4100 656 4165 transferendum
694 4097 735 4160 ed
769 4097 848 4160 diem
869 4091 966 4178 finam
1005 4112 1062 4156 seu
