2806 4736
327 145 369 212 to
625 131 629 138 ¹
723 160 915 212 uunsrnonss

371 273 489 354 Quaest.
520 270 596 334 158.
626 268 709 348 Quot
740 269 773 330 in
805 264 928 330 Missoli
952 280 1146 334 recenseantur
1174 273 1268 334 Misso
1289 268 1315 331 ule

327 366 510 457 Requieml

370 469 413 532 R.
431 467 599 547 Quatuor:
623 460 731 526 Prima
747 458 842 522 Missa
864 459 1045 524 celebratur
1061 461 1094 524 in
1113 458 1317 524 Commemora-
1358 477 1359 480 ’

328 565 409 624 tione
425 558 575 624 Omnium
589 552 743 617 Fidelium
757 551 993 636 Defunctorum,
1016 553 1036 615 '2
1053 553 1261 635 Novembris;

372 650 532 730 Secunda,
550 669 621 737 quae
637 657 771 713 vocatur
796 646 989 732 Eaequinlis,
1009 650 1040 709 in
1069 649 1118 712 dle
1147 648 1254 714 Obitus
1275 670 1317 710 seu

329 747 536 830 Depositionis
558 742 714 829 Dafnem,
744 749 776 802 et
803 739 836 801 in
864 740 918 802 die
937 743 1036 823 tertie,
1054 746 1182 825 septimo
1200 755 1226 806 et
1247 747 1319 826 triue-

327 844 404 904 oimo
420 840 461 904 ab
476 839 573 904 Obitu
590 858 646 900 seu
659 833 864 919 Depositione
876 831 932 898 sed
948 855 1020 898 curn
1037 837 1107 900 aliis
1119 837 1317 901 Orationibus.

373 935 478 999 Tertia
493 935 525 997 in
537 932 763 996 Annioersario
778 928 874 993 unius
885 931 936 994 vel
953 930 1093 1014 plurium
1107 933 1318 997 Defunctorum

329 1027 527 1111 adhibetur3

374 1124 505 1206 Quarta,
531 1142 602 1208 quae
633 1127 766 1186 vocatur
798 1118 1001 1198 Quotidiano,
1028 1118 1107 1184 dum
1137 1141 1319 1206 perannum

331 1220 426 1285 llissa
446 1240 503 1305 pro
530 1237 594 1279 uno
615 1215 666 1280 vel
686 1211 832 1300 pluribus
851 1207 1018 1278 Delunetis
1033 1216 1151 1300 petitur
1167 1227 1251 1282 extra
1267 1214 1321 1278 dies

331 1337 406 1378 mox
422 1311 606 1378 recensitos.

375 1409 493 1489 Qnaest.
512 1406 586 1469 159.
605 1405 643 1466 ln
659 1402 769 1489 qottus
784 1407 966 1468 conueniunt
981 1416 1114 1490 quotuor
1129 1407 1191 1470 illoe
1206 1405 1323 1470 Minoe?

375 1506 417 1567 R.
432 1505 467 1566 ln
479 1499 640 1578 omnibus,
654 1499 795 1582 exeeptis
805 1498 1023 1578 Orationibus,
1037 1501 1185 1585 Epistolis
1197 1513 1228 1567 et
1239 1504 1323 1567 Euan·

331 1599 434 1684 gellis.
448 1596 531 1661 Dicit
545 1593 677 1684 quidem
689 1593 831 1658 Robrica
847 1594 879 1656 in
891 1595 953 1658 fine
965 1595 1066 1658 Missae
1081 1607 1202 1682 quartae
1217 1598 1322 1682 posita:

329 1692 477 1778 Epistola
499 1702 526 1754 et
546 1686 727 1772 Euonyelia,
745 1691 887 1773 superios
900 1693 1004 1772 posito
1032 1693 1065 1752 in
1088 1713 1153 1753 nna
1167 1694 1260 1756 Misso
1275 1712 1324 1775 pro
1377 1653 1378 1746 l

330 1790 504 1876 Deficientis,
521 1785 584 1848 diei
607 1792 737 1864 possunt
764 1786 854 1846 etiam
876 1786 909 1844 in
925 1783 988 1847 olio
1010 1786 1107 1848 Misso
1121 1786 1260 1851 similiter
1276 1807 1324 1869 pro

331 1884 514 1969 Definitio,
539 1874 685 1962 adeoque
715 1874 854 1939 liberum
884 1886 932 1940 est
961 1877 1138 1943 celebranti
1166 1877 1324 1965 aliquando

331 1980 455 2044 variare
477 1975 650 2059 Epistulam
667 1972 719 2036 vel
740 1971 971 2057 Evangelium3
993 1973 1145 2036 convenit
1173 1982 1274 2036 tamen
1296 1983 1325 2035 ut

330 2072 521 2159 regulariter
552 2067 683 2132 cuilibet
714 2065 816 2128 Missae
853 2086 909 2128 sua
941 2074 1110 2128 serventur
1138 2067 1274 2150 Epistola
1300 2076 1326 2129 et
1380 2077 1381 2166 t

330 2164 551 2250 Evangelium,
577 2181 649 2224 eum
681 2157 923 2244 ob'quamdam
954 2158 1190 2246 congruitatem
1211 2161 1325 2224 unicui·
1380 2167 1381 2170 ’

331 2282 393 2346 que
408 2260 508 2322 Missae
523 2255 682 2342 assignato
698 2252 772 2316 sint.

373 2355 491 2435 Qoaest.
510 2351 585 2413 tte.
614 2346 699 2426 Quid
722 2349 755 2410 in
782 2351 867 2412 onmi
889 2350 988 2412 Misso
1015 2348 1051 2411 de
1072 2349 1231 2434 Requiem
1246 2354 1326 2414 enuit·
1382 2359 1383 2412 t

331 2451 466 2525 tendo-m,
484 2445 558 2533 quid
573 2441 786 2506 mactandum?
1382 2417 1383 2466 l

372 2547 414 2608 R.
439 2543 508 2606 Non
534 2541 648 2602 dieitur
671 2535 798 2602 Judiea.
830 2535 992 2602 Celebrons
1018 2539 1059 2602 od
1087 2542 1252 2605 Introitnm
1275 2565 1327 2605 nou

328 2644 432 2724 sionot
461 2659 503 2714 se,
531 2634 584 2699 sed
612 2632 689 2719 sunit
710 2635 835 2718 siquem
862 2636 961 2698 erucis
990 2656 1082 2718 super
1112 2635 1235 2700 librum.
1265 2639 1328 2700 Nou

328 2736 442 2799 dieitur
464 2731 572 2796 Gloria
600 2728 699 2810 Patri,
716 2727 770 2791 sed
794 2739 865 2812 post
890 2729 1055 2793 Psolmune
1086 2734 1328 2814 repetitur:Re-

329 2829 437 2915 quiem
453 2836 615 2900 aternam,
632 2843 686 2885 nee
704 2821 819 2885 dicitnr
840 2822 948 2888 Gloria
964 2824 996 2887 in
1012 2825 1155 2905 excelsis,
1172 2848 1224 2890 nee
1247 2825 1327 2891 Alle-

327 2923 403 3005 luia,
428 2943 479 2985 nec
507 2919 589 2982 lube
605 2916 739 2981 Domine
757 2917 960 2998 benedicere,
977 2941 1030 2983 nee
1054 2921 1210 2986 Dominus
1236 2923 1275 2985 sit
1300 2924 1326 2985 in

328 3015 425 3080 eorde
456 3035 539 3093 meo,
563 3035 615 3075 neo
646 3011 804 3075 osculetur
830 3012 955 3078 librum.
981 3016 1051 3080 Non
1080 3016 1194 3079 dieitur
1224 3014 1327 3095 Crede,

329 3131 390 3173 non
424 3107 608 3173 benedicitur
643 3127 725 3191 oque
762 3109 796 3169 in
836 3105 968 3170 Calicem
1007 3108 1169 3193 [tondendo
1183 3155 1193 3186 ,
1222 3110 1329 3172 dicitur

329 3219 429 3270 tanuen
452 3199 694 3269 Orotiot'Deus
722 3201 776 3284 qui
808 3201 955 3265 humanae
982 3201 1178 3266 substantiae.
1209 3205 1246 3266 In
1273 3205 1329 3288 fine

327 3299 451 3365 Psalmi
478 3296 606 3361 Lavabo
631 3315 693 3357 non
713 3294 848 3359 dieitur:
879 3292 987 3360 Gloria
1016 3297 1115 3360 Patri.
1143 3298 1198 3360 Ad
1225 3295 1330 3382 Agnus

328 3395 384 3460 Dei
401 3417 462 3459 non
479 3395 609 3457 dicit-or:
626 3389 777 3453 miserere
790 3390 894 3471 nohis,
907 3394 997 3476 cujus
1013 3390 1077 3455 loco
1093 3392 1330 3456 dieitur1Dena

328 3492 372 3552 eis
388 3489 532 3575 requiem
549 3486 595 3572 (et
610 3484 702 3549 tertia
722 3484 792 3548 viee
819 3482 961 3567 additur)
977 3485 1216 3568 sempiternam,
1239 3507 1332 3571 nequo

323 3588 496 3669 perentitur
523 3593 639 3664 peetus.
667 3577 736 3641 Non
752 3579 866 3643 dieitur
886 3581 990 3664 primu
1018 3578 1129 3645 Oratio
1156 3578 1331 3643 onteCom-

327 3682 501 3743 triunionem
518 3674 803 3761 scilieetaDomine
826 3675 903 3739 Jesu
919 3673 1042 3738 Christe
1066 3674 1121 3761 qui
1147 3672 1263 3754 dixisti,
1282 3695 1332 3737 nee

327 3773 421 3836 datur
433 3793 508 3854 pan.
524 3773 562 3834 In
578 3771 639 3854 fine
653 3788 713 3830 non
731 3769 863 3832 dieitur:
878 3771 924 3832 lte
941 3768 1035 3832 Missa
1058 3777 1116 3849 est,
1133 3789 1186 3831 nee
1200 3764 1331 3830 Benedi-

327 3881 435 3923 eamus
450 3858 597 3934 Domino,
615 3853 689 3918 sed:
704 3855 920 3940 Requieseant
938 3855 969 3917 in
986 3877 1079 3940 paee.
1095 3856 1138 3919 Et
1154 3875 1216 3916 non
1238 3851 1330 3915 dator

326 3953 500 4030 benedictio,
513 3952 566 4017 sed
580 3951 676 4014 dieto:
691 3952 819 4015 Placeat
836 3962 863 4014 et
876 3950 1011 4014 esculeto
1024 3949 1134 4014 Alteri
1148 3950 1277 4014 dieitur:
1292 3948 1328 4010 ln

324 4046 481 4136 principio
494 4046 600 4133 (Ritus
613 4046 713 4110 eeleh.
734 4045 798 4110 Tit.
819 4047 907 4128 Xlll‚
927 4067 958 4108 n.
978 4046 1021 4126 l).
1053 4065 1054 4068 ¹

30 3645 96 3694 ff
