2832 4730
283 188 324 250 28
723 202 867 245 aurarem

284 307 393 372 nicalis
409 304 438 369 d.
454 305 494 368 Et
508 303 662 391 quoniam
674 302 856 366 invenimus
871 303 1025 387 Epactam
1042 327 1062 368 x
1078 306 1162 369 inter
1176 302 1265 370 diem
1283 308 1303 373 8

283 401 388 467 Martii
404 413 437 464 et
449 399 469 463 5
483 399 602 484 Aprilis
628 397 784 462 inclusive
800 397 936 482 positam
952 419 1020 462 esse
1034 419 1052 462 e
1077 400 1209 486 regione
1236 397 1304 463 diei

284 499 322 560 11
343 494 461 573 Martii,
475 515 495 557 a
510 514 575 579 quo
587 491 743 557 inclusive
759 491 785 555 si
800 490 951 556 deorsum
964 514 1077 558 versus
1092 504 1306 558 numerentur

284 589 419 672 lldies,
442 588 644 653 inveniemus
658 586 712 652 xiv
728 587 852 650 Lunam
879 584 976 652 diet
1005 587 1137 672 Aprilis,
1155 609 1226 674 quae
1258 599 1307 654 est

284 686 463 768 Dominica,
479 703 552 748 cum
567 683 728 769 eregione
744 682 830 746 illius
846 683 885 746 sit
900 684 1023 748 Littera
1047 683 1256 749 Dominicalis
1273 685 1304 749 6.

285 782 331 845 Nc
344 780 523 867 igiturcum
543 776 662 842 Judaeis
678 777 919 854 conveniamus,
936 779 992 864 qui
1009 779 1133 843 Pascha
1141 778 1308 844 celebrant

285 873 339 938 die
366 875 420 939 xiv
437 875 547 952 Lunae,
569 868 725 936 sumenda
741 881 789 935 est
804 873 925 936 Littera
939 872 1149 937 Dominicalis
1174 871 1204 950 o,
1235 895 1307 960 quae
1397 929 1398 972 t

286 970 432 1056 sequitur
460 968 514 1034 xlv
540 970 675 1046 Lunam,
705 987 821 1051 nempe
838 988 876 1030 ea
891 989 996 1054 quaee
1023 967 1154 1055 regione
1176 964 1242 1030 diei
1265 969 1308 1031 10

287 1062 407 1149 Aprilis
429 1064 626 1129 collocatur:
656 1072 752 1148 atque
766 1083 804 1125 eo
820 1083 904 1125 anno
929 1063 1052 1127 Pascha
1075 1061 1308 1126 celebrandum

288 1159 350 1222 crit
370 1157 423 1222 die
440 1159 482 1223 16
497 1157 628 1244 Aprilis.
651 1159 733 1222 Item
746 1177 831 1220 auno
848 1156 933 1220 1604
956 1158 1077 1242 Epacta
1103 1165 1151 1218 est
1176 1156 1253 1218 xxix
1276 1165 1310 1219 et
1398 1163 1399 1168 ’

289 1251 410 1337 duplex
424 1253 545 1317 Littera
559 1251 766 1315 Dominicalis
794 1251 815 1313 d
837 1273 863 1332 e,
888 1273 961 1315 cum
986 1272 1088 1315 annus
1104 1250 1158 1312 ille
1182 1250 1222 1314 sit
1236 1251 1308 1314 Bis-

289 1347 421 1411 sextilis.
442 1346 475 1411 si
489 1347 588 1431 igitur
615 1347 657 1410 ab
687 1347 804 1430 Epacta
820 1345 908 1427 xxix,
925 1366 996 1432 quae
1013 1367 1030 1408 c
1046 1345 1179 1432 regione
1205 1342 1271 1408 diei
1288 1346 1306 1408 1

289 1441 408 1525 Aprilis
432 1441 562 1526 ponitur
573 1440 658 1504 iuter
671 1437 759 1504 diem
787 1441 807 1503 8
834 1441 938 1504 Martii
959 1450 990 1504 ct
1016 1441 1037 1502 5
1059 1439 1178 1524 Aprilis
1205 1438 1310 1503 iuclu-

290 1535 368 1616 sive,
400 1544 611 1599 numerentur
640 1533 709 1599 dies
737 1535 790 1612 14,
808 1533 902 1600 cadet
916 1535 970 1600 xiv
986 1537 1076 1598 Luna
1097 1534 1129 1596 in
1153 1531 1241 1596 diem
1269 1534 1310 1596 14

290 1629 421 1714 Aprilis.
439 1632 478 1695 Ilt
494 1630 570 1717 quia
585 1640 661 1695 tunc
674 1631 775 1694 currit
786 1632 943 1716 posterior
953 1631 1074 1695 Littera
1087 1627 1309 1710 Dominicalis
1400 1651 1401 1658 ¹

290 1744 406 1808 nempe
418 1745 444 1804 e,
462 1745 533 1810 quae
555 1734 626 1810 post
648 1723 734 1788 diem
765 1726 806 1790 14
836 1726 967 1811 Aprilis,
996 1723 1031 1788 id
1059 1734 1117 1806 est,
1150 1732 1223 1808 post
1254 1723 1310 1787 xiv

291 1815 413 1880 Lunam
430 1819 584 1882 collocata
599 1828 675 1883 estc
698 1819 829 1906 regione
845 1818 910 1883 diei
927 1821 968 1884 18
996 1819 1127 1905 Aprilis,
1161 1817 1310 1881 celebra-

291 1907 379 1974 bitur
394 1932 431 1976 eo
450 1933 533 1976 anno
554 1913 675 1977 Pascha
695 1911 749 1977 die
763 1915 804 1978 18
818 1913 950 1999 Aprilis.

342 2003 491 2068 Ceterum
503 2015 540 2070 ut
551 2006 677 2070 facilius
689 2008 796 2072 omnia
821 2010 914 2074 Festa
931 2009 1064 2074 mobilia
1095 2007 1315 2088 inveniantur,

291 2099 474 2184 composita
496 2111 569 2164 sunt
598 2099 669 2164 duae
697 2113 867 2189 sequentes
894 2104 1009 2168 tabulae
1035 2103 1221 2188 paschales,
1250 2120 1318 2162 uua

292 2199 437 2285 antiqua,
455 2208 487 2262 et
513 2220 596 2264 nova
612 2201 725 2262 altera.
739 2202 786 2264 Ex
802 2202 934 2287 antiqua
951 2201 994 2264 ita
1008 2203 1101 2265 Festa
1116 2199 1245 2262 mobilia
1261 2219 1317 2260 re·

292 2295 470 2381 perientur.
501 2294 537 2357 lu
570 2295 670 2358 latere
697 2295 825 2360 sinistro
849 2297 965 2360 tabulae
993 2296 1168 2380 accipiatur
1196 2295 1319 2379 Epacta
1400 2311 1404 2336 ¹

201 2462 204 2468 ,
231 2401 235 2408 ’
295 2409 455 2465 currens,
481 2397 512 2451 ct
535 2389 566 2451 in
582 2389 668 2452 linea
685 2389 880 2454 Litterarum
901 2391 1149 2455 Dominicalium
1172 2397 1320 2452 sumatur

293 2483 413 2546 Littera
433 2483 639 2546 Dominicalis
669 2505 813 2564 currens,
839 2487 921 2550 iufra
940 2497 1046 2550 tamen
1072 2487 1224 2570 Epactam
1241 2505 1319 2549 cur·
1404 2491 1405 2504 ¹

294 2587 432 2656 rentem,
451 2578 493 2642 ita
515 2590 551 2643 ut
574 2580 600 2642 si
626 2581 747 2646 Littera
763 2582 970 2649 Dominicalis
986 2602 1119 2646 currens
1135 2580 1319 2664 reperiatur

294 2694 311 2736 e
334 2673 465 2759 regione
487 2675 613 2758 Epactae
633 2676 806 2758 currentis,
827 2673 1019 2740 assumenda
1050 2676 1091 2739 sit
1117 2671 1229 2736 cadem
1248 2675 1319 2737 Lit-

295 2776 364 2830 tera
400 2767 607 2831 Dominicalis
648 2770 792 2854 proxime
835 2770 980 2834 inferior.
1024 2771 1103 2834 Nam
1138 2769 1319 2855 eregioue

294 2859 393 2945 hujus
420 2861 549 2925 Litterae
578 2864 786 2928 Dominicalis
812 2865 920 2928 omnia
946 2866 1038 2929 Festa
1059 2861 1191 2927 mobilia
1214 2863 1320 2926 couti-

294 2965 423 3018 nentur.
683 3007 687 3016 .

339 3050 535 3134 Exemplum.
579 3050 673 3115 Anno
707 3054 792 3117 1606
819 3053 939 3136 Epacta
965 3063 1012 3117 est
1050 3051 1103 3136 xxj
1131 3059 1162 3114 et
1197 3049 1321 3114 Littera

299 3143 503 3206 Dominicalis
517 3149 561 3209 A.
577 3145 610 3208 Si
623 3145 722 3232 igitur
740 3147 774 3210 in
794 3147 903 3211 tabula
925 3147 1058 3233 antiqua
1084 3153 1228 3210 sumatur
1250 3145 1320 3208 Lit-

295 3246 363 3301 tera
387 3239 592 3304 Domiuicalis
617 3241 660 3323 A,
681 3263 752 3329 quae
777 3242 881 3328 primo
899 3241 982 3307 infra
1011 3243 1164 3327 Epactam
1180 3238 1235 3323 xxj
1262 3261 1319 3304 oc·

296 3329 420 3408 currit,
449 3333 629 3416 reperietur
653 3355 670 3397 e
694 3336 825 3423 regione
855 3335 953 3420 hujus
987 3335 1116 3400 Litterae
1147 3333 1317 3398 Dominica

294 3427 544 3513 Septuagcsimae
560 3428 613 3494 die
626 3431 667 3494 11
679 3431 836 3512 Januarii,
849 3428 919 3494 dies
932 3430 1084 3494 Cinerum
1102 3430 1121 3494 8
1133 3428 1314 3508 Februarii,

293 3521 415 3592 Pascha
431 3522 472 3585 16
489 3524 606 3602 Martii,
630 3523 783 3590 Ascensio
793 3524 922 3589 Domini
951 3527 972 3588 4
990 3525 1079 3606 Maii,
1110 3524 1316 3587 Pentecostes

294 3614 335 3677 14
351 3614 438 3694 Maii,
453 3625 485 3680 et
498 3617 628 3681 Festum
655 3618 803 3705 Corporis
830 3618 947 3683 Christi
965 3618 1007 3682 15
1025 3618 1113 3682 Maii.
1137 3615 1314 3679 Dominicae

218 3695 225 3717 ⁸
295 3716 404 3771 autem
418 3708 503 3790 inter
513 3712 725 3778 Pentecosten
748 3724 780 3778 et
792 3712 978 3779 Adventum
994 3734 1033 3777 eo
1048 3734 1132 3776 auno
1147 3719 1242 3774 erunt
1258 3709 1310 3787 18,

293 3812 326 3866 ct
350 3799 519 3870 Adventus
545 3809 763 3873 celebrabitur
783 3807 836 3872 die
866 3809 887 3871 5
917 3808 1116 3889 Decembris,
1144 3815 1175 3869 et
1203 3803 1248 3867 sic
1272 3801 1311 3864 de

292 3897 418 3961 ceteris.
445 3900 527 3965 Item
554 3923 637 3967 anno
661 3904 747 3968 1665
767 3904 886 3990 Epaeta
905 3913 953 3967 est
968 3925 1000 3987 x,
1018 3913 1050 3967 et
1064 3902 1185 3965 Littera
1200 3897 1317 3960 Domi-¹

291 3991 401 4057 nicalis
417 3993 445 4073 b,
459 4017 530 4082 quae
554 3998 586 4062 in
613 3998 723 4062 tabula
742 4000 905 4084 reperitur
924 4019 941 4062 e
963 3997 1097 4085 regione
1121 3995 1248 4080 Epactae
1274 4013 1306 4054 x.

206 4119 208 4126 ν
292 4085 398 4166 Quare
429 4089 585 4156 sumenda
611 4103 658 4159 est
684 4093 746 4158 alia
771 4094 891 4160 Littera
917 4093 946 4176 b,
970 4114 1040 4180 quae
1055 4090 1202 4178 proxime
1227 4086 1307 4150 inira
