2794 4728
347 217 388 282 94
799 238 947 282 nuenton
1014 273 1017 278 .

387 340 420 402 t.
446 337 583 420 Quando
597 339 631 404 lit
645 340 792 406 Officium
809 343 843 405 S.
857 339 965 406 Mariae
977 338 1011 403 in
1024 337 1178 416 Sabbato,
1192 338 1343 406 Absolutio

341 445 374 498 ct
396 432 640 500 Benedictiones
662 433 824 508 dicuntur,
852 447 888 502 ut
917 435 1080 502 habentur
1094 434 1127 498 in
1143 433 1216 521 ojus
1244 437 1342 504 'Officio

343 551 456 619 parvo,
473 529 558 594 circa
574 530 670 596 linem
685 531 857 598 Breviorii.
914 596 916 600 ,

600 812 642 890 t
640 812 683 888 Χ
682 813 722 888 V
718 813 762 900 l.¹
779 815 835 888 ue
855 811 1096 889 Lectionibus,

388 1096 419 1159 l.
445 1094 611 1158 Lectiones
634 1094 787 1178 leguntur
807 1089 849 1154 ad
875 1089 1080 1170 Matutinurn,
1105 1088 1199 1154 dietis
1223 1093 1342 1156 Psalmis

344 1192 672 1268 Nocturnorum,cum
687 1185 891 1271 Antiphonis,
910 1185 1076 1263 Versibus,
1093 1185 1343 1252 Absolutionibus

237 1297 238 1300 ’
344 1306 485 1373 quoque,
503 1294 536 1348 et
556 1281 854 1364 Benedictionibus,
872 1292 1036 1366 utsupra.
1054 1281 1091 1344 ln
1114 1282 1298 1366 Duplicibue
1320 1293 1345 1347 ot

344 1378 616 1465 Scmiduplicibns
646 1377 798 1442 dicuntur
825 1399 943 1444 novem
968 1376 1147 1450 Lectiones,
1177 1375 1210 1440 id
1237 1388 1293 1456 est,
1318 1379 1344 1442 in

343 1475 487 1563 quolibet
501 1475 663 1539 Nocturno
680 1482 760 1554 tres3
789 1473 823 1536 in
836 1472 949 1557 Feriis,
968 1482 1000 1537 ct
1022 1473 1123 1536 Festis
1146 1473 1346 1558 simplicibus

342 1572 495 1658 leguntur
509 1563 631 1633 tantum
645 1577 709 1633 tres
723 1568 902 1632 Lectiones.

389 1667 422 1729 2.
446 1665 483 1728 In
497 1663 609 1729 Officio
621 1683 737 1727 novem
750 1661 938 1726 Lectionum
954 1657 1178 1726 dicunturlroc
1195 1661 1299 1727 modo.
1315 1665 1345 1726 ln
1388 1697 1389 1720 ;

344 1762 448 1846 primo
475 1759 637 1823 Nocturno
668 1777 796 1842 semper
825 1758 978 1842 leguntur
1011 1766 1075 1820 tres
1111 1758 1278 1822 Lectiones
1312 1756 1345 1820 de

345 1856 528 1938 Scriptura:
553 1872 636 1938 quae,
653 1848 784 1937 quando
795 1851 860 1915 suis
874 1850 952 1915 locis
971 1852 1119 1936 propriae,
1137 1863 1192 1916 aut
1209 1851 1250 1917 de
1267 1853 1347 1917 Com·

345 1947 433 2014 mnrri
449 1948 638 2011 Sanctorum
655 1965 718 2008 non
734 1945 949 2032 assignantur,
967 1967 1095 2031 semper
1111 1947 1263 2032 leguntur
1275 1957 1307 2010 ut
1320 1947 1346 2009 in

344 2043 456 2108 Officio
475 2040 516 2104 de
531 2041 700 2125 Tempore,
717 2061 789 2126 quae
805 2062 861 2105 sua
886 2061 1016 2127 quaque
1033 2039 1086 2104 die
1113 2051 1286 2106 occurrunt
1311 2045 1347 2105 te·

344 2133 471 2224 gendae.
489 2136 525 2198 ln
541 2131 682 2197 secundo
695 2134 868 2218 Nocturno‚
883 2136 909 2198 si
922 2135 957 2199 fit
969 2137 1008 2198 de
1021 2136 1148 2214 Sancto,
1162 2147 1227 2200 tres
1238 2138 1348 2202 Lectio·

347 2253 403 2294 nes
418 2232 571 2316 leguntur
582 2226 622 2292 de
638 2229 704 2293 uita
720 2229 840 2311 Sancti,
857 2231 909 2296 vel
932 2228 973 2293 de
989 2229 1096 2316 aliquo
1119 2231 1286 2313 Sermone,
1301 2239 1349 2292 aut

345 2329 507 2403 Tractatu,
527 2323 581 2410 qui
597 2324 626 2386 ei
642 2323 793 2388 convenit
811 2344 818 2385 :
836 2346 906 2410 qnae
923 2325 948 2390 si
965 2347 1029 2389 non
1040 2323 1144 2390 adsint
1161 2328 1349 2413 propriae,le·

346 2430 467 2506 guntur
479 2440 518 2482 ex
536 2417 704 2482 Communi
722 2419 926 2483 Sanctorum.
937 2421 984 2484 Ex
999 2441 1064 2506 quo
1081 2421 1176 2485 etiam
1189 2420 1349 2499 Communi

345 2516 683 2600 completurnumerus
700 2513 795 2576 trium
812 2513 1146 2600 Lectionum,quando
1159 2516 1306 2581 Officium
1320 2516 1349 2578 lit

346 2602 1350 2694 novemLectionumdealiquoSancto,quihahettantumunam

347 2702 486 2769 velduas
500 2702 667 2767 Lectiones
683 2701 840 2787 proprias.
859 2703 935 2767 Sifit
951 2701 991 2766 dc
1004 2704 1350 2784 Dominica,veldealio

347 2798 458 2863 Officio
473 2818 590 2862 novem
606 2797 793 2860 Lectionum
809 2819 1010 2882 perannum,
1042 2799 1139 2863 etiam
1156 2797 1197 2862 de
1225 2801 1350 2876 Octava,

347 2894 499 2976 leguntur
516 2901 579 2954 tres
594 2891 759 2955 Lectiones
775 2889 815 2954 de
828 2892 994 2976 Sermone,
1009 2903 1063 2957 aut
1074 2895 1235 2973 Tractatu,
1253 2894 1307 2980 qui
1324 2892 1352 2955 in

349 2986 410 3049 illis
438 2985 579 3070 ponitur.
608 2988 644 3050 ln
667 2987 762 3050 tertio
778 2987 939 3052 Nocturno
966 3009 1094 3074 semper
1121 2991 1272 3074 leguntur
1297 2998 1353 3052 tres

349 3079 502 3144 lectiones
518 3078 559 3142 de
574 3081 714 3145 Homilia
742 3082 774 3144 in
796 3083 1018 3169 Evangelium,
1039 3084 1147 3168 positae
1159 3083 1193 3146 in
1211 3082 1350 3167 Proprie,

350 3184 406 3238 ant
422 3195 462 3236 ex
478 3172 648 3238 Communi
665 3176 851 3262 assignatur
869 3186 901 3241 et
926 3180 1035 3263 primae
1063 3177 1205 3241 Lectioni
1227 3175 1268 3240 de
1291 3177 1353 3240 Ho-

274 3277 276 3281 '
350 3267 437 3332 milia
453 3288 579 3352 semper
595 3271 793 3355 praeponitur
807 3271 1000 3358 principium
1024 3273 1204 3359 Evangelii,
1228 3270 1268 3334 cle
1295 3291 1353 3356 quo

349 3372 397 3426 est
428 3363 579 3447 Humilia,
598 3365 694 3429 etiam
721 3367 968 3434 inlraOctavas.
993 3368 1205 3454 Excipiuntur
1232 3367 1274 3433 ab
1300 3367 1354 3429 lroc

349 3456 512 3523 ordinario
526 3459 726 3540 Lectionum,
743 3462 899 3526 Matutino
914 3463 1122 3528 tenebrarum
1134 3472 1208 3527 ante
1224 3462 1353 3541 Pascha,

350 3562 382 3617 ct
393 3553 636 3634 Defunctornm,
650 3555 730 3618 utin
746 3556 810 3620 suis
823 3556 941 3622 Officiis
954 3558 1095 3644 ponitur.

393 3648 426 3711 5.
452 3648 485 3711 Si
502 3647 535 3712 in
551 3648 663 3713 Officio
692 3672 808 3716 novem
841 3653 1040 3730 Lectionum,
1073 3654 1106 3717 in
1137 3675 1203 3740 quo
1226 3674 1289 3718 non
1315 3650 1356 3714 di·
1386 3695 1387 3740 ,

350 3743 433 3807 citur
469 3763 589 3807 nonum
625 3746 891 3830 Responsorinm,
926 3749 1090 3836 contingat
1111 3748 1181 3812 fieri
1214 3747 1357 3812 Comme·
1386 3741 1387 3802 l

352 3838 562 3902 morationem
594 3836 635 3901 de
665 3841 774 3926 aliquo
812 3844 940 3921 Sancto,
977 3844 1032 3929 qui
1068 3842 1230 3929 propriam
1264 3840 1357 3904 habet

350 3933 546 4012 Lectionem,
571 3954 655 3998 nona
680 3937 788 4000 Lectio
812 3938 931 4024 legitur
946 3937 987 4002 de
1004 3939 1140 4002 Sancto:
1164 3937 1191 4001 si
1213 3934 1357 4000 habuerit

353 4025 433 4091 duas
453 4027 633 4110 Lectiones,
649 4052 689 4094 ex
704 4028 830 4094 duabus
844 4033 897 4098 liat
914 4056 977 4098 nna
992 4033 1114 4114 Lectio,
1138 4031 1256 4096 omissa
1277 4049 1356 4093 nona

360 4122 511 4188 Lectione
533 4123 564 4189 in
582 4121 668 4188 dicto
681 4125 794 4192 Officio
814 4149 929 4195 norem
946 4127 1145 4209 Lectionum,
1172 4127 1224 4194 vol
1245 4134 1358 4192 octaua
