2806 4736
322 344 364 408 70
733 362 921 412 aamsrlorus
1041 344 1043 348 ’

366 461 557 548 Exemplum.
589 462 647 524 Die
672 461 713 524 15
737 461 925 526 Novembris
948 461 1130 524 celebratur
1151 463 1272 523 Festum
1296 460 1336 522 S.

320 559 441 638 Dictaei,
456 557 663 642 Semiduploa.
679 558 718 618 In
731 558 824 620 Missa
835 557 964 619 seranda
979 553 1087 620 Oratio
1100 565 1143 618 est
1155 553 1183 618 A
1197 554 1337 635 eunctiS,

321 657 409 716 tertia
424 654 464 716 ad
476 652 604 716 libitum.
622 652 654 714 Si
670 652 732 714 hae
749 649 801 713 die
816 651 942 734 legatur
952 649 1066 715 Votiva
1080 651 1112 713 in
1125 649 1285 712 honorem
1298 647 1336 709 S.

321 746 450 831 Aloysii,
464 747 569 832 prima
581 746 689 809 Oratio
704 747 764 809 erit
777 745 809 808 S.
825 744 956 829 Aloysii,
982 741 1123 808 secunda
1146 742 1178 804 S.
1203 739 1337 823 Didaci,

320 845 412 907 tertia
428 845 591 906 Arunetis.
608 843 716 906 Oratio
732 842 772 904 ad
791 841 908 926 libitum
924 842 1025 924 omitti
1041 846 1154 926 potest,
1174 838 1249 921 quia
1268 859 1339 899 nu-

320 960 428 1001 merus
440 940 597 1002 ternarius
610 937 797 1000 Orationum
811 935 988 1019 completus
1001 942 1047 1023 est
1058 933 1131 1018 (Tit.
1144 931 1200 1012 IX,
1212 953 1246 1016 u.
1262 931 1336 1015 16).

364 1033 481 1113 Queat.
499 1033 574 1096 tat.
599 1033 707 1095 Nonne
731 1029 894 1113 aliquando
915 1028 1020 1114 plures
1043 1048 1135 1112 aarum
1158 1036 1217 1088 tres
1241 1023 1338 1088 Ora-

320 1131 414 1190 tiones
427 1124 627 1190 dividebant?
1094 1123 1096 1126 ⁸

362 1225 402 1287 R.
418 1221 626 1303 Affirmative‚
645 1221 765 1284 seilicet
777 1217 907 1306 quando
921 1218 1013 1282 factae
1029 1225 1102 1281 sunt
1124 1217 1362 1299 commemo-p
1400 1261 1402 1266 ·

317 1318 455 1380 rationes
479 1318 511 1379 in
546 1314 680 1399 Offici03
708 1316 797 1378 nulla
827 1314 912 1376 enim
935 1312 1202 1376 Commemoratio
1227 1311 1402 1408 omittim-¹

316 1418 420 1493 potest
433 1410 466 1472 in
480 1408 593 1476 Votiva
607 1409 679 1492 (Tit.
694 1409 748 1482 IV,
769 1429 802 1470 n.
821 1406 868 1490 5).
1362 1460 1367 1473 ,

359 1502 553 1588 Exemplum.
579 1504 637 1565 Die
672 1504 711 1565 11
742 1501 928 1565 Decembris
950 1503 1070 1566 Festum
1102 1501 1136 1563 S.
1174 1503 1334 1574 Damasi,
1355 1508 1372 1592 ,J

317 1595 525 1680 Semiduplea,
541 1593 795 1666 Commemoratis>
812 1593 933 1660 Oetaeae
947 1594 1151 1657 Immaculata
1163 1593 1334 1680 Consepti-

315 1692 382 1753 onis
395 1701 422 1752 et
436 1691 532 1752 Feriae
547 1689 715 1752 Adventus.
732 1689 769 1752 In
785 1689 899 1755 Votiva
911 1688 944 1750 S.
960 1686 1091 1772 Aloysii,
1113 1708 1211 1772 quam
1229 1689 1333 1753 hodie

314 1783 787 1871 supponimuseelebrandam,
810 1785 914 1867 prima
937 1782 1046 1847 Oratio
1068 1791 1115 1845 est
1138 1782 1170 1845 S.
1192 1781 1329 1869 Aloysii,

313 1877 498 1942 secundas.
513 1878 654 1961 Damasi,
667 1878 758 1940 tertia
772 1876 1039 1941 Commemoratio
1056 1875 1195 1958 Octava,
1210 1887 1332 1961 quarta

313 1971 582 2036 Commemoratio
597 1972 707 2036 Feriae.
991 2043 995 2050 .

354 2065 387 2127 Si
403 2066 511 2150 aliqua
534 2065 643 2128 Oratio
669 2087 708 2128 ex
732 2066 915 2150 praescripto
939 2064 1063 2128 Summi
1087 2063 1248 2129 Pontifiois
1273 2068 1329 2130 vel

311 2158 460 2242 Episcopi
475 2156 563 2242 (inde
581 2167 688 2221 vocata
713 2157 874 2243 imperata)
898 2158 937 2220 sit
959 2154 1108 2239 dicenda,
1133 2158 1203 2222 haee
1227 2159 1327 2222 eliam

310 2253 344 2315 in
359 2252 479 2317 Votivis
493 2251 609 2316 dieitur
626 2261 656 2316 et
671 2252 802 2339 quidem
818 2254 932 2316 ultimo
948 2252 1019 2316 loco
1034 2261 1105 2337 post
1119 2252 1199 2317 alias
1212 2275 1326 2317 omnes
1401 2301 1402 2349 p

309 2369 382 2432 quae
395 2346 458 2411 diei
474 2347 604 2431 debent,
620 2345 766 2434 adeoque
782 2349 871 2412 nulla
891 2369 930 2411 ex
947 2347 1008 2410 illis
1025 2357 1157 2432 propter
1176 2350 1324 2433 impera-

308 2451 376 2505 tam
395 2444 496 2506 omitti
512 2453 626 2527 potest.

351 2536 444 2602 Unde
460 2539 493 2601 in
508 2539 623 2605 Votiva
635 2540 668 2603 S.
683 2540 802 2625 Aloysii
818 2538 870 2602 die
887 2540 930 2603 15
944 2538 1135 2604 Novembris
1153 2538 1324 2603 eelebren-
1399 2619 1400 2628 ἦ

309 2631 439 2717 da,post
450 2635 577 2697 tertiam
590 2635 775 2699 Orationem
787 2636 819 2698 A
830 2638 942 2700 curretis
954 2634 1105 2700 addenda
1119 2635 1179 2698 erit
1192 2645 1321 2721 quarta,
1399 2629 1400 2634 ¹

308 2747 425 2811 nempe
442 2729 608 2812 imperata.
624 2727 721 2810 ‘Quod
734 2729 758 2791 si
774 2730 844 2793 haeo
864 2728 978 2793 Votiva
994 2729 1175 2792 celebretur
1192 2729 1230 2791 11
1253 2730 1322 2792 De-

308 2819 457 2902 cembris,
477 2830 548 2905 post
565 2830 713 2905 quartam
729 2821 926 2904 Orationem,
946 2819 1095 2885 videlieet
1111 2822 1322 2886 Commemo-

307 2913 466 2975 rationem
476 2913 587 2996 Feriee,
604 2912 785 2998 adjicienda
802 2915 861 2977 erit
874 2914 983 2998 quinta
1002 2912 1122 2997 Oratio,
1149 2916 1318 2999 imperata.

352 3006 473 3084 Quaest.
500 3008 574 3070 122.
604 3007 686 3086 Quid
712 3009 867 3094 sinpalare
890 3008 977 3072 teter
1012 3012 1121 3074 Vatiae
1156 3011 1193 3072 de
1226 3013 1322 3073 Beata
1395 2997 1397 3148 p

305 3099 405 3183 quoad
419 3099 608 3166 Orationes?

347 3199 388 3261 R.
406 3198 444 3259 In
461 3199 579 3263 Votieis
598 3202 701 3264 Beata
725 3204 834 3265 Mariae
853 3203 984 3266 secunda
1010 3200 1118 3266 Oratio
1143 3201 1256 3264 dieitur
1285 3201 1321 3264 de

306 3287 413 3377 Officio
431 3293 493 3356 diei
505 3293 537 3356 in
555 3315 619 3378 quo
636 3293 831 3380 celebratur,
842 3295 935 3382 juxta
951 3297 1098 3380 regulam
1118 3297 1315 3380 generalem,

301 3395 332 3448 et
345 3391 433 3451 tertia
448 3391 483 3452 de
496 3389 616 3474 Spiritu
627 3389 736 3454 Sancto
750 3392 823 3476 (Tit.
839 3392 896 3473 IX,
916 3413 948 3454 n.
964 3391 1032 3474 15).

345 3482 539 3567 Exemplum.
559 3483 590 3544 Si
602 3483 718 3548 Votiva
733 3483 774 3547 de
787 3485 885 3548 Beata
900 3482 1038 3548 dicenda
1055 3493 1101 3548 est
1117 3485 1158 3547 15
1173 3485 1318 3549 Novem-

299 3574 377 3658 bris,
393 3578 496 3660 prima
509 3577 619 3640 Oratio
633 3579 691 3640 erit
703 3577 744 3641 de
760 3580 870 3663 Beata,
884 3575 1025 3643 secunda
1037 3578 1070 3642 S.
1085 3576 1210 3662 Diduci,
1225 3580 1318 3643 tertia

301 3664 341 3730 de
354 3667 473 3753 Spiritu
488 3665 617 3734 Sancto.

343 3762 399 3824 Ast
411 3764 436 3826 si
452 3766 484 3826 in
500 3765 611 3830 Officio
628 3768 712 3832 facta
730 3779 776 3832 est
796 3771 905 3856 aliqua
922 3770 1204 3851 Commemoratio,
1231 3769 1318 3832 Ora-

299 3855 343 3918 tio
356 3853 396 3918 de
408 3856 526 3941 Spiritu
542 3860 658 3924 Sancto
672 3864 838 3947 omittitur,
858 3866 933 3949 quia
948 3864 1124 3950 completus
1139 3871 1186 3926 est
1197 3883 1316 3927 nume-

298 3970 353 4012 rus
369 3953 524 4016 ternarius
537 3953 736 4021 Oratiouum.
753 3957 818 4024 cfr.
838 3970 949 4044 quast.
966 3961 1040 4024 119.

231 4075 232 4078 “
343 4043 673 4124 Quaest.125.Anin
689 4053 722 4120 V
719 4057 807 4119 otim's
832 4058 999 4118 recitantur
1021 4057 1200 4142 Sequentia,
1227 4073 1257 4118 u.
1283 4077 1312 4140 p.

298 4137 409 4203 Stabat
421 4150 525 4205 mater
536 4145 570 4208 in
582 4147 677 4212 Missa
689 4149 809 4234 Septem
817 4148 979 4225 Dolor-um,
993 4163 1021 4215 et
1032 4147 1238 4237 Symbolum?
