2750 4738
330 276 393 342 152
579 297 722 342 aurarem
745 299 920 345 saussaius
942 301 1089 347 ursanus.

328 537 414 617 XX.
441 539 496 615 De
513 544 790 638 preparatione
816 545 960 620 Altaria
977 554 1010 620 et
1028 543 1334 622 Ornamentorum

785 685 879 757 eyes.

373 927 494 1010 Altero,
516 928 548 990 iu
571 947 635 1015 quo
659 939 892 994 sacrosanctum
919 929 1021 994 Missae
1043 929 1238 993 sacrificium
1262 931 1334 992 eele-

329 1019 490 1087 hraudum
511 1029 569 1102 est,
587 1019 684 1088 dehet
699 1045 767 1088 esse
782 1020 958 1109 lapideum,
976 1033 1009 1088 et
1023 1023 1064 1087 ab
1083 1023 1258 1109 Episcopo,
1275 1023 1334 1087 sive

329 1117 370 1182 ab
385 1116 522 1196 Abbate,
536 1117 749 1181 facultatemn
766 1114 849 1181 Sede
860 1115 1042 1202 Apostoliea
1058 1117 1214 1197 habente,
1229 1139 1334 1182 conse-

327 1212 470 1275 cratum:
498 1211 550 1274 vel
577 1212 688 1274 saltem
715 1232 769 1274 ara
797 1210 933 1296 lapidea,
951 1211 1152 1276 similiterab
1167 1212 1333 1299 Episcopo,

328 1307 380 1369 vel
396 1303 533 1384 Abbnte,
550 1313 707 1389 utsupra,
725 1315 919 1386 consecrata,
938 1305 968 1367 in
986 1326 1024 1368 co
1040 1305 1169 1385 inserta,
1188 1328 1262 1393 quae
1278 1317 1335 1370 tam

327 1402 437 1485 ampla
449 1400 501 1477 sit,
518 1408 552 1462 ut
568 1399 724 1481 Hostiam,
743 1411 775 1464 et
786 1401 942 1487 majorem
960 1410 1083 1486 partem
1095 1401 1214 1465 Calicis
1224 1401 1333 1486 capiat.

327 1495 397 1558 Hoc
410 1493 518 1559 Altare
534 1494 697 1578 operiatur
712 1495 814 1560 tribus
827 1495 962 1581 mappis,
976 1515 1033 1558 seu
1046 1494 1181 1558 tobaleis
1198 1494 1333 1572 mundis,

327 1589 369 1654 ab
383 1587 538 1674 Episcopo
549 1589 600 1652 rel
616 1590 678 1653 alio
690 1589 828 1653 habente
842 1598 1030 1676 potestatem
1042 1586 1238 1670 benedictis,
1253 1610 1335 1674 supe·

328 1684 404 1747 riori
426 1683 538 1746 saltem
561 1682 711 1770 oblonga,
739 1705 810 1770 quae
833 1704 935 1770 usquc
961 1681 1003 1748 ad
1026 1694 1142 1748 terram
1164 1685 1333 1770 pertingat,

327 1777 453 1842 duabus
469 1778 538 1840 aliis
546 1777 761 1855 brevioribus,
772 1780 822 1842 ecl
835 1775 1080 1863 conduplicata.
1094 1779 1199 1842 Pallio
1212 1798 1335 1866 quoque

328 1883 461 1936 ornetur
476 1871 603 1949 coloris,
620 1871 727 1959 quoad
753 1872 821 1936 fieri
843 1881 957 1958 potest,
976 1869 1040 1936 diei
1056 1874 1136 1938 festo
1160 1875 1215 1939 vel
1232 1873 1335 1937 Ollicio

327 1965 556 2032 convenientis.
579 1966 683 2051 Super
695 1965 805 2032 Altero
825 1968 998 2030 collocetur
1020 1967 1105 2032 Crux
1119 1969 1153 2031 in
1170 1966 1293 2049 medio,
1309 1975 1336 2028 et

328 2058 521 2125 caudelabra
536 2062 646 2124 saltem
662 2058 727 2124 duo
739 2082 812 2124 cum
823 2058 964 2124 candelis
975 2063 1116 2126 accensis
1130 2063 1210 2127 hine
1224 2073 1256 2126 et
1268 2059 1335 2124 inde

330 2156 361 2218 iu
378 2166 514 2241 utroque
528 2153 598 2240 ejus
614 2156 724 2218 latere.
742 2153 792 2220 Ad
809 2155 918 2218 Crucis
934 2153 1049 2240 pedem
1068 2167 1208 2240 ponatur
1225 2157 1334 2220 tabella
1369 2225 1370 2244 χ

330 2250 532 2313 Secretarum
548 2250 718 2333 appellata.
738 2251 772 2312 ln
790 2270 889 2312 cornu
904 2249 1052 2333 Epistolre
1068 2252 1216 2315 eussinus
1228 2273 1335 2335 suppo·

330 2341 454 2406 nendus
484 2343 622 2406 Missali:
651 2354 682 2406 et
710 2342 751 2407 ab
777 2341 890 2406 cadem
917 2353 1007 2426 parte
1032 2344 1180 2428 Epistolae
1209 2352 1334 2430 paretur

329 2458 451 2519 cereus,
469 2435 508 2499 ad
526 2436 738 2500 elevationem
761 2435 958 2500 Sacramenti
982 2436 1222 2521 accendenduS,
1243 2459 1335 2522 parva

328 2532 528 2616 campanula,
545 2532 693 2615 ampullae
711 2531 818 2596 vitreae
842 2531 907 2592 vini
925 2539 957 2592 et
971 2553 1072 2617 aquae,
1089 2554 1163 2597 cum
1180 2533 1335 2617 pelvicula

329 2635 361 2688 et
376 2623 576 2710 manutergio
594 2622 714 2688 ntuudo
736 2625 769 2687 in
785 2624 961 2707 fenestella,
979 2647 1034 2688 seu
1054 2626 1087 2689 in
1110 2648 1211 2712 parva
1235 2647 1335 2688 mensu
1368 2615 1369 2707 l

329 2718 370 2782 ad
397 2719 463 2783 lraec
479 2728 665 2804 praeparata.
691 2721 794 2804 Super
809 2719 917 2784 Altare
945 2718 1172 2784 nihilomnino
1190 2731 1334 2806 ponatur,

329 2812 415 2900 quod
443 2811 483 2877 ad
511 2813 612 2878 Missae
636 2813 843 2894 Sacrificium,
869 2815 919 2877 vel
944 2813 1042 2899 ipsius
1058 2816 1176 2881 Altaris
1192 2827 1335 2880 ornatum

330 2930 393 2972 non
410 2909 579 2994 pertineat.
