2750 4738
321 241 362 304 68
757 265 900 308 nuenton

319 377 385 454 sire,
399 379 451 442 vel
466 373 677 440 Dedicationc
694 373 854 461 ejusdem,
871 375 927 442 sed
944 377 1138 466 transfertur
1152 392 1222 468 post
1235 385 1311 447 Oeta·

319 493 405 538 vam.
414 471 501 534 lnlra
509 471 664 535 Octavam
676 470 862 556 Epiphaniae
874 472 908 537 fit
921 483 1044 538 tantum
1057 471 1098 537 dc
1110 477 1256 557 Patrono,
1269 481 1307 542 vel

319 566 450 632 Titulari
461 564 621 644 Ecclesiae,
641 574 673 629 et
688 563 729 628 dc
743 563 951 632 Dedicatione
968 567 1113 655 ejusdem
1130 573 1209 650 (non
1225 585 1311 638 tamon

320 664 352 726 in
380 660 432 725 dic
459 658 600 744 Octava)
625 680 698 724 cum
725 658 1036 728 Commemoratione
1062 663 1207 731 Octavae.
1244 668 1312 730 lnlra

320 759 473 823 Octavam
489 754 638 839 Corporis
649 754 764 820 Christi
780 754 815 818 fit
830 764 954 820 tautum
971 755 1013 821 de
1038 759 1238 843 Duplicibus,
1263 782 1313 824 non

320 862 428 917 tamen
463 849 634 932 translatis,
673 848 733 912 nisi
770 849 928 915 lvrerintl
961 855 1014 917 vel
1050 856 1082 918 ΙΙ
1104 856 1225 936 classis,
1254 877 1311 920 eun

320 945 630 1012 Commemoratione
668 944 818 1009 Octava:
858 944 898 1009 dc
940 946 1214 1036 Semiduplieihus
1251 972 1314 1014 vero

320 1042 403 1106 inira
431 1061 503 1105 eam
539 1060 603 1103 non
629 1038 677 1116 fit,
708 1036 765 1102 sed
793 1039 1029 1104 transferuutur
1064 1053 1136 1127 post
1163 1045 1311 1122 Octavam,

319 1147 354 1202 ut
373 1137 498 1202 dicetur
527 1135 559 1200 in
591 1133 733 1200 Rubrica
763 1131 804 1196 de
827 1135 1046 1201 Translatione
1078 1138 1255 1202 Festorum.
1276 1139 1313 1201 De

319 1231 525 1319 simplicibus
552 1230 634 1293 iufra
666 1250 886 1317 quascumque
919 1230 1056 1297 Octavas
1085 1233 1313 1297 occurrentibus

317 1327 353 1392 fit
389 1337 513 1391 tantum
546 1323 840 1404 Commemoratio,
882 1335 1096 1412 praeterquam
1133 1327 1166 1390 in
1204 1325 1315 1390 duobus

318 1419 433 1486 diebus
464 1429 535 1505 post
571 1417 694 1483 Pascha
728 1428 761 1482 et
797 1418 1035 1502 Pentecosten,
1076 1430 1113 1484 ut
1146 1420 1262 1486 dicitur
1290 1420 1315 1482 in

316 1515 463 1602 sequenti
478 1512 620 1579 Robrica
633 1508 674 1575 de
691 1510 1068 1577 Commemorationibus.
1093 1515 1141 1578 De
1156 1513 1316 1579 Dominicis
1346 1579 1347 1582 ,

317 1609 401 1673 infra
426 1609 562 1674 Octaras
582 1603 825 1670 occurrentibus
847 1605 882 1670 fit
910 1605 1072 1688 Officium,
1088 1618 1125 1672 ut
1140 1605 1261 1672 dictum
1278 1616 1317 1670 cst

316 1725 412 1790 supra
437 1704 471 1767 in
497 1701 641 1768 Robrica
668 1699 709 1764 de
735 1701 922 1766 Dominicis.
949 1702 982 1766 Si
999 1701 1069 1766 duae
1090 1705 1219 1769 Octavre
1235 1703 1316 1768 simul

316 1808 485 1864 occurrant
501 1799 551 1884 (ut
565 1796 687 1860 Octava
703 1795 803 1860 sancti
829 1795 847 1859 J
850 1796 961 1858 oannis
975 1796 1138 1882 Baptistae,
1161 1809 1193 1862 et
1208 1798 1316 1863 Octava

316 1895 465 1981 Corporis
480 1892 607 1974 Christi,
625 1893 676 1956 vel
690 1891 809 1956 Octava
821 1885 969 1971 Patroni,
984 1892 1036 1956 vel
1047 1892 1197 1957 Titularis
1218 1893 1317 1958 Eccle-

315 1990 369 2055 siae
381 2011 453 2055 cum
468 1989 530 2053 alia
541 1985 673 2069 Octava)
689 1985 820 2072 quando
837 2007 901 2049 non
918 1996 1012 2050 crunt
1029 1987 1225 2052 celebranda
1236 1990 1317 2053 Festa

268 2156 273 2163 ,
316 2106 432 2151 novem
447 2084 645 2164 Lectionum,
673 2083 726 2146 vel
741 2080 810 2146 dies
824 2081 1022 2165 Dominicus,
1039 2081 1094 2146 fiet
1110 2083 1258 2148 Officium
1282 2080 1316 2145 do

314 2177 467 2267 digniori,
484 2201 556 2243 cum
573 2177 882 2242 Commemoratione
899 2178 1043 2241 alterius.
1071 2179 1118 2241 De
1142 2176 1197 2243 die
1219 2190 1315 2244 autem

315 2277 434 2341 Octava
458 2273 689 2361 cujuscumque
711 2273 794 2336 Festi
824 2272 859 2336 fit
886 2282 988 2337 totum
1011 2272 1160 2337 Officium
1186 2275 1316 2359 Duplex,

315 2392 387 2435 cum
404 2368 713 2436 Commemoratione
730 2367 793 2432 diei
810 2369 892 2432 iufra
909 2370 1003 2432 aliam
1019 2369 1187 2434 Octavam.
1213 2371 1317 2435 DeFe·

314 2468 369 2532 stis
386 2463 629 2531 occurrentibus
646 2462 678 2526 in
694 2461 746 2525 die
762 2462 884 2528 Octava
895 2472 1043 2528 servetur
1054 2461 1142 2550 quod
1160 2453 1278 2530 elicitur
1290 2464 1318 2526 iu

312 2560 454 2625 Rubrica
467 2558 507 2622 dc
519 2558 739 2622 Translatione
755 2558 934 2622 Festorum.

356 2659 389 2722 l.
413 2656 561 2721 Officium
578 2653 618 2717 de
633 2653 752 2719 Octava
777 2653 812 2716 lit
834 2675 907 2718 cum
935 2655 1036 2720 tribus
1051 2657 1242 2721 Nocturnis:
1271 2676 1320 2718 no·

312 2775 386 2820 vem
413 2753 534 2816 scilicet
555 2750 699 2830 Psalmis,
728 2759 758 2814 et
785 2770 903 2813 novem
926 2751 1144 2832 Lectionibus,
1170 2751 1319 2838 (exceptis

312 2848 441 2912 Octavis
469 2846 598 2929 Pasohae
614 2854 646 2908 et
665 2846 880 2926 Pentecostcs,
898 2846 931 2909 in
954 2846 1072 2933 quibus
1100 2845 1136 2911 fir
1162 2869 1236 2910 cum
1261 2866 1320 2908 uno

205 2949 206 2952 ’
313 2945 487 3024 Nocturna,
505 2951 541 3006 ut
556 2941 621 3004 suis
635 2941 713 3005 locis
728 2941 871 3025 ponitur)
885 2951 917 3004 ct
932 2942 1041 3005 omnia
1066 2939 1219 3006 dicuntur
1245 2941 1322 3004 sieut

315 3039 347 3101 in
363 3037 415 3101 die
432 3037 455 3100 F
457 3037 529 3118 esti,
542 3045 657 3121 praeter
672 3036 859 3100 Lectiones:
892 3058 1028 3122 quarum
1040 3037 1152 3122 primae
1165 3047 1230 3101 tres
1246 3057 1322 3099 sem·

314 3157 373 3221 per
387 3146 461 3200 sunt
473 3132 513 3197 de
530 3133 692 3218 Scriptura
709 3142 898 3196 occurrente
915 3133 947 3196 in
960 3133 1073 3196 Officio
1090 3130 1131 3195 de
1152 3133 1319 3218 Tempore,

313 3239 526 3317 preterquam
544 3228 628 3291 iufra
644 3227 797 3291 Octavam
823 3226 1057 3312 Assumptionis
1071 3227 1174 3292 beatae
1203 3227 1320 3306 Maria,

314 3324 347 3386 iu
363 3344 427 3410 qua
442 3323 576 3408 singulis
594 3319 709 3385 diebus
726 3321 834 3406 positae
851 3332 924 3400 suut
937 3321 1104 3386 Lectiones
1120 3321 1260 3406 propriae
1285 3318 1322 3381 de

294 3425 297 3431 ’
312 3417 450 3482 Canticis
466 3417 679 3480 cantieorum:
697 3415 766 3479 aliae
781 3415 948 3479 Lectiones
963 3413 1096 3479 secundi
1109 3425 1143 3479 ct
1158 3415 1247 3479 tertii
1262 3415 1324 3478 No·

311 3512 415 3576 ctumi
442 3510 593 3575 dicuntur
618 3530 689 3595 quae
712 3508 795 3572 iufra
816 3508 969 3573 Octavam
991 3510 1100 3595 positae
1122 3519 1208 3573 sunt.
1238 3509 1324 3572 Inira

311 3607 465 3671 Octavam
478 3625 555 3670 vcro
570 3603 712 3681 Patroni,
727 3605 779 3667 vel
792 3604 943 3668 Titularis
954 3605 1115 3682 Ecclesia,
1125 3614 1181 3668 aut
1192 3605 1324 3669 alterius

311 3701 409 3783 Festi,
424 3697 513 3786 quotl
526 3700 558 3762 in
574 3699 735 3785 aliquibus
747 3699 895 3764 Ecclesiis
912 3701 1078 3765 consucvit
1106 3722 1179 3763 cum
1202 3699 1325 3764 Octava

311 3795 478 3877 celebrari,
496 3796 520 3858 si
534 3793 617 3880 apud
631 3795 701 3858 illas
716 3795 872 3860 Ecclesias
887 3817 952 3860 non
967 3797 1130 3860 habentur
1140 3795 1283 3882 propriae
1295 3803 1325 3857 et

311 3889 497 3976 approbata
508 3889 686 3972 Lectiones,
696 3889 903 3974 prosecundo
914 3902 946 3955 et
958 3893 1051 3956 tertio
1062 3893 1228 3956 Nocturno
1241 3889 1324 3953 inira

312 3985 478 4065 Octavam,
493 3994 679 4070 repetantur
693 3986 859 4050 Lectiones
875 3987 984 4072 positar
1000 3988 1032 4050 in
1059 3985 1229 4052 Communi
1243 3987 1324 4049 San-

195 4071 204 4082 “
313 4089 450 4162 ctorum,
469 4080 493 4144 si
510 4077 551 4142 de
568 4080 690 4144 Sanctis
704 4080 759 4144 fiat
773 4080 904 4162 Octava,
920 4083 1062 4170 alioquin
1077 4081 1247 4146 Lectiones
1260 4079 1324 4142 dici

233 4275 239 4294 1
314 4175 422 4240 Festa·
