2750 4738
326 265 387 328 128
673 295 678 302 ·
786 287 887 330 1111111

323 387 446 452 catione
461 385 613 452 Sacrifieii
622 384 716 469 juxta
728 398 871 452 mentem
883 385 1070 451 eorumdem
1081 388 1328 454 benefactorum.

321 484 380 545 Die
397 483 417 545 5
432 480 517 566 Aug.
539 479 635 563 1662,
650 480 864 564 approbatum
878 482 964 545 aiei.
981 502 1048 546 rec.
1062 482 1248 547 Alexandro
1263 486 1326 550 Vll.

321 577 433 640 eadem
451 574 518 640 die.

363 670 556 750 Praedictum
573 671 741 736 decretum
757 670 798 736 ab
822 670 968 756 ejusdem
984 673 1039 736 iel.
1066 694 1132 737 rec.
1152 671 1327 740 Alexandro

319 767 392 831 VII.
410 768 540 851 speciali
557 766 666 841 Brevi,
690 764 778 851 quod
798 767 910 852 incipit
923 773 936 830 ε’
963 766 1094 831 Creditur
1109 768 1210 847 nobis,
1229 769 1326 834 denuo

319 862 379 925 luit
392 861 629 942 confirmatum,
646 882 684 924 ae
699 862 832 945 insuper
846 870 1012 936 statutum,
1036 859 1122 924 idem
1138 863 1325 928 servandum

319 977 386 1018 esse
402 955 509 1042 quoad
525 954 635 1018 Missas
648 956 680 1018 in
693 954 847 1019 altaribus
858 957 1069 1043 privilegiatis
1081 978 1121 1020 ex
1137 957 1325 1044 obligatione

318 1047 537 1131 celebrandas,
556 1060 589 1113 11
604 1049 820 1136 indulgentias
831 1071 889 1134 per
900 1049 1059 1135 ejusmodi
1075 1050 1246 1136 privilegia
1260 1074 1325 1116 con·

317 1165 419 1208 cessas
445 1145 614 1208 animabus
642 1144 675 1205 in
704 1145 890 1230 purgatorio
913 1144 1123 1208 existentibus
1150 1143 1322 1233 suffragari,

317 1237 450 1323 perinde
464 1259 500 1302 ae
515 1239 539 1300 si
556 1237 726 1301 celebrata
748 1238 883 1300 luissent
898 1239 1000 1301 Missae
1015 1237 1263 1303 Defunctorum.
1282 1241 1323 1302 Ae

316 1331 456 1418 denique
473 1329 683 1410 declaratum,
701 1330 930 1410 anniversaria,
949 1341 981 1395 et
1003 1331 1112 1393 Missas
1128 1341 1268 1395 cantatas
1288 1332 1323 1394 dc

314 1429 487 1514 Requiem,
500 1427 627 1489 relictas
639 1447 678 1488 ex
691 1423 898 1508 dispositione
912 1435 1097 1489 testatorum
1113 1428 1282 1511 quotannis
1294 1429 1321 1490 in

315 1522 367 1586 die
383 1523 525 1607 ipsorum
542 1520 659 1601 obitus,
677 1519 772 1583 etiam
787 1520 817 1582 in
835 1517 955 1604 duplici
970 1519 1083 1604 majori
1095 1520 1320 1606 contingenter,

315 1619 348 1680 in
376 1614 528 1701 praedicto
551 1613 681 1679 decreto
708 1613 761 1677 die
785 1615 805 1676 5
828 1613 964 1700 Augusti
981 1614 1080 1695 edito,
1097 1614 1230 1678 minime
1245 1638 1321 1678 com-

314 1708 485 1796 prehendi,
507 1719 602 1793 prout
623 1719 716 1772 antea
740 1709 772 1770 in
796 1729 861 1770 una
883 1709 1055 1772 Novarien.
1082 1708 1124 1769 22
1139 1709 1320 1773 Novembris

314 1805 412 1882 1661,
422 1802 536 1866 eadem
548 1804 645 1867 Sacra
654 1804 791 1867 Rituum
801 1801 1014 1888 Congregatio
1026 1801 1257 1868 declaraverat.
1266 1804 1318 1866 llic

313 1903 354 1964 22
375 1898 631 1977 111111111667,
649 1897 855 1961 Pontificatus
865 1897 923 1982 xij.

355 1994 479 2058 Deinde
491 1993 546 2056 iel.
559 2013 625 2055 rec.
637 1985 784 2054 Clcinens
796 1992 853 2054 IX.
864 1988 978 2054 eadem
990 1993 1062 2058 Sec.
1071 1991 1173 2078 Cong.
1186 1990 1316 2072 decreta,

312 2089 374 2152 alio
398 2089 508 2170 Brevi,
526 2086 618 2171 cujus
641 2085 787 2148 initium:
807 2084 886 2150 Cum
901 2086 956 2171 fel.
974 2087 1105 2167 record,
1125 2088 1318 2150 1111111111-

312 2183 459 2265 firmavit,
477 2180 727 2268 praedictamque
743 2178 918 2243 Alexandri
935 2181 1009 2246 Vll.
1027 2179 1266 2266 dispositionem
1281 2179 1317 2243 ad

311 2277 422 2345 altaria
438 2300 501 2341 non
518 2277 549 2339 in
573 2286 775 2362 perpetuum,
803 2273 860 2338 sed
875 2273 916 2338 ad
933 2277 1146 2359 septennium,
1165 2296 1222 2339 seu
1236 2273 1317 2338 aliud
1372 2263 1373 2270 ¹

310 2374 440 2440 brevius
455 2375 506 2438 vel
521 2371 647 2455 longius
669 2381 806 2454 tempus,
832 2391 868 2432 ac
884 2391 947 2433 non
964 2371 997 2434 in
1013 2370 1178 2449 omnibus,
1198 2369 1252 2433 sed
1267 2370 1316 2433 ali·
1371 2429 1372 2454 3

311 2491 373 2556 quo
391 2471 442 2534 vel
458 2467 619 2554 aliquibus
636 2476 758 2530 tantum
775 2463 987 2528 hebdomadae
1002 2464 1117 2528 diebus
1133 2486 1228 2545 nune,
1246 2464 1324 2527 etin

310 2566 453 2628 futurum
478 2559 748 2648 quandocumque
778 2561 981 2646 privilegiata
1007 2557 1163 2623 extendit.
1192 2560 1249 2622 Ι)11
1277 2557 1314 2622 25
1370 2607 1371 2612 1

310 2657 506 2743 Septembris
522 2657 618 2732 1669,
635 2656 841 2719 Pontificatus
857 2654 904 2740 iij.

352 2751 493 2816 Tandem
509 2752 671 2836 proposito
684 2749 795 2831 dubio,
806 2771 846 2812 an
860 2739 1049 2833 supradictae
1064 2742 1311 2812 Alexandrillll.

310 2859 342 2911 et
367 2847 538 2912 Clementis
566 2846 623 2908 IX.
649 2843 881 2908 declarationes
905 2843 966 2906 sibi
992 2843 1097 2906 locum
1122 2837 1314 2905 vindicarent

310 2945 405 3006 etiam
425 2944 458 3005 in
484 2940 598 3004 diebus
624 2939 811 3020 Dominicis,
838 2949 871 3001 11
891 2939 973 3001 inira
997 2937 1135 3001 Octavas
1162 2929 1313 2997 Paschatis
1368 2961 1369 2970 ¹

307 3035 575 3112 Resurrectionis‚
594 3037 810 3115 PentecosteS,
828 3044 860 3096 11
875 3033 1024 3118 Corporis
1040 3030 1170 3110 Christi,
1189 3028 1312 3110 aliisque

309 3131 384 3195 anni
399 3129 524 3208 diebus,
543 3131 671 3215 quibus,
687 3131 763 3193 licet
778 3150 797 3191 a
812 3129 893 3193 festo
909 3129 1030 3213 duplici
1053 3147 1117 3190 nou
1143 3120 1312 3208 impediar·

309 3236 373 3301 tur,
390 3222 497 3287 adhue
513 3233 620 3287 tamen
636 3225 736 3288 Missae
750 3225 982 3288 Defunctorum
994 3222 1088 3307 juxta
1104 3220 1202 3284 ritum
1213 3215 1312 3280 Eccle-

309 3321 362 3384 siae
378 3319 533 3384 celebrari
553 3329 729 3403 nequeunt,
758 3329 916 3404 quatenus
937 3318 1090 3382 nimirum
1113 3315 1226 3394 Missae,
1241 3329 1311 3394 quas

309 3411 422 3477 iisdem
439 3411 552 3475 diebus
568 3412 724 3476 celebrari
740 3413 827 3493 licet,
845 3422 971 3477 servata
985 3408 1174 3495 ceteroquin
1189 3403 1311 3492 privile·

309 3508 434 3593 giorum
458 3505 572 3582 lorma,
590 3504 630 3568 ad
647 3507 759 3570 altaria
774 3506 976 3591 privilegiata
999 3503 1248 3578 celebrarentur,
1261 3517 1310 3557 ea·

308 3600 383 3666 dem
400 3604 472 3666 Sac.
489 3601 557 3663 Rit.
580 3599 680 3686 Cong.
706 3599 759 3662 die
786 3599 807 3661 5
832 3598 951 3685 Aprilis
978 3597 1076 3673 1688,
1093 3592 1308 3680 praedietorum

307 3696 497 3770 Pontificum
521 3691 752 3758 declarationes
776 3717 834 3780 pro
870 3694 1018 3758 omnibus
1041 3689 1168 3770 diebus,
1201 3683 1308 3770 quibus

303 3791 396 3876 juxta
412 3789 556 3853 rubricas
572 3789 672 3852 Missae
684 3791 917 3854 Defunctorum
928 3785 1083 3852 celebrari
1097 3803 1160 3844 non
1175 3785 1305 3864 possunt,

308 3882 531 3970 intelligendas
546 3905 613 3947 esse
643 3885 820 3970 respondit,
839 3883 973 3970 ejusque
999 3881 1166 3944 decretum
1181 3867 1306 3937 subinde

307 3980 527 4044 confirmatum
544 3981 604 4044 luit
619 4002 638 4044 a
653 3980 709 4045 fel.
727 3979 854 4044 record,
868 3978 1055 4043 Innocentio
1071 3976 1159 4057 Papa
1174 3971 1228 4033 XI.
1245 3985 1306 4048 spe·

307 4076 379 4139 ciali
398 4075 507 4156 Brevi,
536 4075 622 4162 quod
649 4077 782 4162 incipit:
810 4077 902 4140 Alius
929 4086 1104 4160 postquam,
1124 4066 1198 4130 dato
1228 4060 1303 4124 diei

308 4173 495 4237 1111111688.
