2754 4740
278 261 283 272 Ι
302 190 346 253 50
720 207 911 258 ouusrrouus

276 359 280 368 ,
345 312 462 376 Tertia.
480 311 513 374 Si
528 311 620 373 Festa
645 318 719 371 aunt
747 310 881 395 aequalia
897 308 1005 395 quoad
1021 306 1117 370 ritum
1135 317 1167 371 et
1179 305 1303 394 dignita·

303 417 379 491 tem,
397 403 623 471 serrandusea
657 402 780 467 ordoK
914 405 933 466 'i
968 403 1035 466 sivo
1062 402 1229 488 temporis;
1251 400 1305 462 hoc
1366 451 1367 458 ,

303 513 360 583 ost,
379 498 463 568 istud
478 501 607 564 Festum
622 507 670 562 ost
684 519 773 584 prrus
787 495 1065 578 reassumendum,
1080 517 1137 560 seu
1152 495 1305 560 celebran‘·

303 592 393 672 dum,
410 590 497 681 quod
513 592 601 677 prius
616 611 673 654 scu
689 612 709 655 a
723 591 859 678 longiori
873 601 1018 676 tempore
1035 591 1219 654 translatum
1234 599 1286 652 est.
1367 643 1368 648 ,

348 689 428 753 Alias
458 707 522 750 non
552 696 626 750 sunt
644 687 777 772 regulas.
807 687 891 751 Hinc
916 685 1108 771 intelligitur
1137 706 1205 749 esse
1230 682 1307 747 dilic-
1368 723 1369 814 p

302 783 439 848 rentiam
455 781 538 844 inter
555 778 797 844 Occurrentiam
820 791 853 845 et
872 781 1110 845 translationem
1135 777 1238 866 quoad
1260 779 1307 842 Fe·

303 888 424 943 storum
439 875 670 962 prolationem.

347 973 466 1054 Quaest.
487 969 541 1033 50.
570 969 648 1048 eroe
662 970 752 1033 Festa
775 969 933 1056 sinpulorr'
949 971 1085 1056 pandent
1107 969 1308 1033 translationis

300 1061 501 1152 privilepio?
787 1055 790 1062 ’

347 1163 389 1227 R.
414 1163 465 1224 1⁰.
481 1161 574 1224 Festa
602 1158 850 1240 Purificatiouis,
868 1161 1130 1228 Annuntiationis
1152 1172 1184 1226 et
1205 1162 1311 1224 Imma·

305 1259 416 1321 culatae
442 1253 666 1338 Conceptionis
690 1254 730 1317 B.
746 1254 789 1316 M.
804 1253 860 1339 V„
888 1247 1083 1358 Duplicia}
1108 1257 1165 1338 cl.,
1194 1252 1311 1342 quaudo

304 1359 477 1414 occurrunt
505 1349 538 1410 iu
561 1347 736 1412 Dominicis
765 1349 785 1410 2
812 1352 868 1429 cl.‚
895 1351 1180 1416 transferunturio
1198 1350 1310 1412 Feriam

304 1444 334 1506 ll
352 1439 534 1506 'mmediate
549 1450 749 1527 sequentem,
768 1441 843 1507 lieet
855 1441 1055 1529 impeditam.
1171 1501 1175 1505 .
1371 1439 1372 1464 ³

285 1466 470 1709 ficetum
490 1535 764 1612 Annuntiationis‚
788 1537 893 1624 iuquit
920 1538 1098 1603 Concilium
1126 1535 1311 1622 provinciale

305 1631 546 1712 Mechliniense,
582 1651 665 1693 anno
704 1629 790 1694 1607
823 1633 1034 1714 celebratum,
1058 1628 1227 1716 siquando
1243 1632 1312 1692 iatcr

304 1727 499 1791 Dominicam
514 1723 702 1788 Palmarnua
718 1737 746 1789 et
761 1727 958 1792 Dominiaanr
975 1731 1008 1792 in
1023 1726 1114 1791 Attis
1141 1725 1309 1802 accurrerit,

303 1821 477 1900 celebretur,
496 1824 593 1906 juata
615 1831 764 1904 receptam
786 1822 1047 1906 caussaeturliuem,
1072 1834 1135 1886 tum
1162 1845 1182 1884 a
1205 1817 1311 1904 popula

325 1941 397 1982 rrum
422 1941 442 1981 a
463 1917 555 1994 clero,
572 1916 653 2001 seria
673 1919 726 1979 III
736 1928 808 2001 post
823 1917 936 1982 dictam
962 1921 1158 1983 Darniaicam
1176 1919 1210 1980 iu
1230 1914 1311 1978 Atta

344 2035 396 2098 op.
412 2013 442 2079 V
458 2010 500 2076 de
513 2010 641 2095 Festis).

257 2151 259 2154 -
345 2108 437 2170 Festa
461 2116 568 2170 autem
594 2107 659 2184 illa,
691 2106 823 2193 quando
849 2109 894 2172 sic
909 2102 1310 2188 transferuntur,cooside·

303 2210 414 2263 rantur
428 2220 491 2262 nou
508 2210 543 2264 ut
556 2203 720 2282 translata,
737 2200 792 2265 sed
810 2212 973 2290 tamquam
989 2201 1190 2268 occurrentia
1210 2198 1311 2264 inillis

303 2294 402 2359 Feriis
418 2319 427 2379 3
444 2292 526 2359 adeo
546 2305 582 2359 ut
604 2297 666 2359 alia
688 2297 780 2361 Festa
799 2291 832 2359 in
861 2294 954 2362 dictis
975 2297 1076 2361 Feriis
1105 2292 1310 2371 occurrentia,
1375 2307 1376 2330 ³

302 2389 436 2454 ulterius
458 2390 701 2470 transferantur,
718 2392 777 2456 nisi
793 2392 856 2456 sint
871 2393 1003 2478 majoris
1015 2392 1108 2457 ritus.

346 2485 391 2548 2⁰.
416 2485 449 2549 Si
468 2485 596 2549 Festum
613 2486 793 2552 Natiuitatis
820 2489 854 2552 S.
877 2489 1009 2553 loannis
1024 2487 1176 2571 Baptista
1196 2478 1313 2548 venerit

300 2579 334 2642 in
349 2579 442 2644 Festo
457 2578 606 2665 Corporis
629 2578 758 2661 Christi,
772 2583 964 2647 transfertur
979 2582 1012 2645 in
1025 2589 1215 2667 sequentem
1234 2572 1313 2637 diem

300 2673 374 2737 licet
394 2672 583 2760 impeditum
610 2676 737 2759 Duplici
763 2678 777 2742 1
805 2680 860 2760 cl,
890 2675 977 2764 quod
1004 2676 1141 2741 ulterius
1169 2683 1246 2736 tuuc
1272 2675 1314 2729 ost

300 2766 571 2833 transferendum.

346 2862 392 2926 5⁰.
417 2863 663 2948 Specialietiam
685 2862 828 2951 gaudent
849 2865 1020 2953 privilegio
1034 2866 1163 2929 Festum
1180 2865 1238 2927 SS.
1255 2860 1312 2924 No·

303 2957 399 3022 minis
425 2958 502 3021 Jcsu
534 2957 715 3043 (Dominica
742 2959 773 3021 ΙΙ
803 2968 875 3044 post
902 2956 1151 3045 Epiphaniam);
1190 2957 1312 3020 Festum

304 3056 434 3141 Septem
460 3054 614 3118 Dolorum
632 3056 670 3120 B.
697 3057 740 3119 Μ.
757 3057 799 3123 V.
832 3057 938 3141 (Faria
953 3057 999 3123 Vl
1016 3067 1088 3141 post
1116 3054 1311 3119 Dominicam

301 3147 461 3212 Passionis
476 3158 508 3212 et
519 3149 686 3213 Dominica
701 3150 747 3214 lll
763 3150 993 3236 Septembris);
1011 3152 1138 3214 Festum
1150 3147 1312 3214 Pretiosis·

262 3237 265 3242 ’
302 3241 374 3304 simi
388 3241 559 3328 Sanguinis
572 3242 613 3306 ll.
627 3242 666 3305 N.
679 3242 710 3305 J.
728 3241 764 3306 C.
777 3243 958 3329 (Dominica
975 3245 988 3308 l
1003 3243 1108 3326 Julii).
1124 3244 1189 3307 Pro
1201 3241 1311 3328 quibus

302 3336 505 3402 conferendae
527 3347 601 3402 sunt
615 3335 766 3402 Robrica
781 3339 935 3422 speciales
950 3338 1106 3403 Breviorii
1124 3347 1155 3400 ct
1172 3337 1310 3410 Missalis,

303 3429 380 3496 locis
391 3432 570 3519 assignatis.
588 3431 653 3496 Cir.
668 3433 715 3494 Dc
728 3430 843 3515 Herdt‚
857 3435 944 3497 Part.
958 3433 999 3516 V,
1015 3434 1100 3497 ubia
1115 3453 1148 3494 u.
1164 3433 1202 3494 11
1218 3449 1312 3517 usquc

303 3524 344 3590 ad
369 3548 403 3590 n.
420 3527 469 3590 51
479 3528 546 3612 agit
559 3524 601 3588 dc
616 3526 754 3608 Proprie
765 3525 962 3594 Sanctorum.

346 3621 467 3701 Quaest.
484 3620 538 3683 51.
559 3616 719 3698 Quomodo
734 3619 888 3705 apeuduru
910 3623 940 3684 si
967 3623 1001 3685 ia
1015 3620 1077 3705 fiae
1089 3624 1166 3682 arrisi
1180 3641 1243 3682 nou
1264 3639 1313 3683 su·

297 3717 419 3800 persiat
446 3711 510 3776 dies
525 3715 617 3776 uacui
625 3733 685 3795 pro
701 3713 883 3797 reponendis
909 3716 1007 3778 Fastis
1037 3712 1197 3777 translatis
1213 3713 1234 3775 ?

345 3803 524 3889 Respondit
548 3806 580 3872 S.
595 3807 638 3872 R.
656 3807 692 3871 C.
708 3807 745 3870 11
765 3806 869 3870 Martii
888 3807 984 3872 1857:
1011 3805 1121 3894 Officia
1147 3829 1215 3894 prroe
1239 3812 1313 3870 intro

301 3903 379 3967 antri
406 3901 570 3964 terminum
593 3902 759 3988 transferri
785 3913 950 3987 nequeunt,
984 3900 1151 3986 redipcurla
1183 3925 1246 3967 esse
1276 3901 1313 3963 ad

301 3999 397 4060 ritant
418 3991 593 4078 Simplieeru
614 3998 647 4058 in
662 3995 710 4059 alie
723 3999 853 4079 propria
868 4018 936 4059 curu
952 4018 1034 4061 nono
1056 3998 1194 4062 Lectione
1221 3998 1311 4060 laiste-

301 4095 378 4170 rirn,
394 4099 422 4153 et
437 4084 729 4156 Camruemoratione
743 4095 775 4154 ia
792 4095 931 4178 utrisque
946 4093 980 4157 V
978 4095 1090 4177 esperis
1103 4105 1130 4157 et
1145 4092 1308 4156 Lnurlr'lus.
