2806 4736
381 234 433 292 'ne
449 249 600 295 uunnrcns
616 255 786 322 numanus„
1026 239 1089 303 109

117 341 243 424 Quaest.
267 339 344 404 202.
372 338 552 406 Rocbettum
568 353 596 406 et
607 344 864 430 superpelliceum
876 350 910 412 ia
925 369 986 436 qua
1001 351 1091 435 diffe-

68 435 184 504 runt?

114 535 162 597 R.
189 528 304 611 Quoad
318 531 468 616 formem,
483 533 648 620 precipue
666 535 698 600 in
715 557 753 600 co
770 534 880 604 differt
906 540 1087 604 rochettum

69 650 88 690 c
103 626 346 712 superpelliceo
362 647 419 690 sou
435 638 534 711 cotta,
550 629 637 715 quod
663 631 732 694 haec
752 633 897 704 municas
912 631 1088 696 admodum

68 724 211 815 amplus,
228 721 411 786 rochettum
431 743 507 788 vcro
525 726 728 812 angustiores
744 726 876 792 hebeat.
893 727 1020 792 Deinde
1035 750 1090 792 ro·

69 818 223 882 chettum
237 825 286 882 cst
301 816 402 882 vestis
417 816 587 904 dignitatis
601 842 673 907 quae
696 819 738 886 de
749 820 827 907 jure
853 823 1009 907 competit
1024 823 1089 908 epi·
1109 897 1114 907 ι

71 913 196 998 scopis,
215 921 247 976 et
263 906 389 981 tantum
412 933 452 977 ex
468 915 640 1001 privilegio
667 914 739 980 eliis
763 915 859 980 etiem
883 913 1088 980 conceditur.

71 1008 358 1094 Superpclliccum
374 1028 453 1073 vcro
476 1018 524 1073 cst
545 1009 644 1074 vestis
666 1030 758 1074 sacra
784 1009 912 1074 clericis
939 1009 1090 1074 omnibus

71 1101 273 1186 communis,
303 1111 334 1166 et
360 1122 425 1189 qua
441 1122 552 1168 omnes
567 1103 763 1185 sacerdotes,
781 1103 879 1167 etiem
896 1103 943 1168 iIli
958 1103 1014 1190 qui
1030 1104 1089 1168 ha·

71 1197 159 1262 bcnt
177 1217 270 1260 usum
298 1197 449 1276 rochetti‚
478 1207 614 1264 utuntur
636 1200 669 1263 in
685 1197 965 1264 administratione
986 1219 1089 1263 secra·

72 1302 282 1356 mentorum.
313 1289 390 1356 Ideo
408 1293 443 1357 S.
457 1293 499 1358 R.
517 1292 552 1357 C.
570 1295 612 1359 tc
622 1294 767 1380 januarii
785 1294 869 1360 1852
894 1293 1085 1380 responditt

74 1387 265 1450 Rocbetturu
281 1407 343 1450 nau
355 1407 418 1451 esse
428 1399 539 1452 uestem
552 1410 672 1454 sucrum
688 1389 894 1454 adhibendam
905 1391 939 1454 iu
955 1388 1086 1452 admini-

70 1485 229 1546 stratione
251 1483 534 1562 Sacramentorum,
552 1507 586 1548 ac
599 1485 733 1570 proinde
748 1497 813 1550 tum
828 1485 870 1548 ud
885 1506 920 1548 ea
935 1485 1088 1548 adminis-

72 1578 204 1658 tranda,
221 1588 286 1640 trem
298 1577 340 1640 ud
351 1579 580 1662 suscipiendam
592 1582 727 1664 primam
741 1591 903 1644 tonsuram
915 1590 943 1642 et
953 1580 1087 1654 minares

70 1673 199 1736 ordines
212 1676 380 1738 necessario
392 1673 612 1758 superpellicea
624 1673 786 1740 utendum.
803 1675 842 1738 Et
852 1671 1087 1759 perdccretum

70 1769 104 1831 S.
123 1770 169 1833 R.
195 1768 288 1832 aab
305 1769 436 1834 Urbano
460 1769 536 1835 VIII
565 1771 795 1856 approbatum,
827 1770 919 1833 initio
951 1769 1086 1832 Missalis

71 1863 217 1948 positum
227 1887 239 1929 e.
274 1866 351 1928 Item
374 1866 557 1949 prohibetur
578 1887 654 1930 usus
672 1867 812 1943 roebetti,
839 1867 969 1948 susceptis
986 1875 1087 1926 tamea

71 1959 188 2043 quibus
213 1959 335 2042 dejure
350 1964 491 2045 competit
500 1987 511 2040 ,·
536 1973 563 2025 et
580 1973 695 2047 prater
709 1962 764 2024 boc
778 1963 930 2026 statuitur
944 1970 971 2022 et
987 1958 1086 2022 derbu-

71 2065 179 2134 rctur,
198 2058 316 2119 nemini
331 2054 419 2119 licere
432 2059 592 2138 inseruire,
608 2069 663 2122 aut
678 2059 819 2122 assistere
834 2060 868 2120 in
889 2054 1087 2119 celebratione

72 2149 244 2212 Missurum
260 2163 314 2214 aut
329 2151 505 2216 diuinarum
538 2151 719 2239 Officiorum
747 2174 814 2216 cum
830 2151 973 2228 racbetto,
991 2169 1087 2233 neque

74 2266 146 2308 cum
164 2257 245 2309 cotta
259 2246 386 2312 bubeutc
399 2251 536 2313 inaniens
552 2259 701 2334 enpustas
716 2248 756 2311 ad
771 2251 872 2314 instar
886 2246 1030 2310 roebetti:
1060 2255 1087 2307 et

73 2340 155 2403 idern
181 2343 365 2406 servandum
383 2355 425 2408 est
441 2347 474 2408 in
489 2343 696 2408 concionibus.

401 2559 758 2610 afim>—

109 2763 246 2828 csrnu
261 2763 556 2848 unnnnnunn
571 2761 1046 2847 nsnsonnonnnnnnns,

504 2961 565 3025 Tit.
591 2961 663 3024 XX.

422 3158 452 3250 ᾗ.
470 3158 506 3229 I.
526 3157 581 3229 De
597 3156 737 3230 Aitare'.

121 3385 332 3466 Quaesitae.
350 3385 435 3464 Quid
447 3385 483 3448 de
498 3383 608 3447 Alteri
617 3385 726 3448 statuit
738 3380 872 3445 Robrica
889 3378 991 3444 I'itrdo
1006 3379 1060 3440 XX
1068 3375 1088 3439 ‚⁹
1184 3418 1189 3420 -

124 3483 165 3546 R.
178 3472 302 3564 ditare,
321 3483 353 3544 iu
369 3502 429 3567 quo
447 3491 675 3544 sacrosanctum
689 3479 793 3561 Missae
806 3474 1001 3558 Sacrificium
1012 3471 1089 3534 cebe-

79 3578 232 3642 brandum
248 3588 303 3659 est,
320 3575 404 3640 debet
417 3597 480 3640 esse
495 3575 663 3659 lapideum,
679 3585 707 3636 et
722 3571 919 3656 abEpiseapo
931 3588 1089 3631 consecra·

81 3685 162 3736 tum:
177 3669 225 3734 uei
239 3670 344 3734 saitem
359 3693 416 3734 aru
431 3670 565 3754 lapidea,
577 3667 721 3733 similiter
732 3665 768 3729 ub
781 3667 933 3750 Episcopo
946 3673 979 3726 ut
994 3682 1092 3744 supra

80 3768 308 3846 consecratum
325 3788 356 3830 eo
372 3769 575 3852 iussumque
586 3777 646 3828 tam
664 3761 767 3846 ampla
781 3765 833 3844 sit,
847 3771 882 3823 ut
897 3759 1051 3837 Hostiam,
1063 3765 1091 3818 et

81 3866 230 3948 majorem
246 3873 367 3946 purtem
386 3860 498 3926 Calicis
514 3863 627 3946 cupiat.
642 3858 752 3922 Altero
768 3854 856 3944 quod
869 3853 959 3940 prius
971 3850 1093 3916 descri-

81 3959 171 4023 bitur
186 3958 440 4042 vocaturpicum,
455 3957 615 4042 posterius
631 3975 708 4021 vero
722 3951 881 4038 portatile.

125 4054 247 4136 Quaest.
265 4053 341 4117 204.
367 4053 507 4139 Assipnu
521 4053 686 4116 discrimen
698 4054 778 4115 inter
789 4060 954 4133 utrumque
969 4042 1093 4110 Altare.

123 4150 167 4214 R.
197 4147 305 4212 Altere
328 4146 454 4214 duabus
470 4158 594 4213 tanturn
611 4147 757 4234 partibus
786 4143 917 4230 proprie
949 4146 1093 4204 constet:
1126 4171 1142 4235 y·

173 4275 296 4316 accessu
308 4275 359 4308 nco.
883 4239 922 4304 I0
1073 4240 1076 4245 ¹
