2764 4742
459 219 635 264 saansaan.
1013 202 1056 266 65

42 344 238 406 perannum
253 321 445 388 fitofficium
461 320 502 386 dc
517 321 608 385 Furia
624 320 685 384 iilis
699 317 824 400 dicbus,
840 323 956 410 quibus
972 323 1055 389 infru

50 409 289 475 Hebdomadam
303 412 334 472 in
346 408 545 474 Kalendario
562 430 624 470 nun
637 408 766 492 ponitur
777 407 908 497 aliquod
923 412 1053 476 Festum

52 503 181 588 Duplex,
196 502 416 587 Semiduplex,
433 505 484 569 vel
497 503 650 587 Simplex,
668 511 701 564 et
717 522 780 564 non
793 504 932 568 occurrit
946 505 1053 591 aliqua

49 598 175 677 Octava,
189 601 242 663 rel
253 599 399 664 Officium
427 599 460 662 S.
489 597 593 662 Maria!
617 595 649 660 in
678 595 829 679 Sabbato,
850 601 901 664 vcl
922 597 1053 686 aliquod

48 691 170 756 Festum
185 693 340 776 solemne,
357 702 412 756 aut
427 702 615 756 consuetum
634 692 667 754 in
683 690 791 777 aliqua
811 694 953 758 Ecclesia
967 696 1052 758 ecle-

48 784 139 863 hrari,
168 788 315 871 quamvis
338 787 371 850 in
395 783 592 850 Kalendario
617 784 718 872 ¹hujus
742 785 900 852 Breviorii
926 787 1052 853 nonsit

48 877 250 964 descriptum.

86 973 116 1035 2.
141 974 290 1039 Officium
303 972 402 1040 Feriae
417 975 449 1038 in
460 973 621 1053 Adventu,
632 973 893 1062 Quadragcsima,
908 978 1053 1060 Quatuor

48 1071 265 1156 Temporibus,
280 1071 417 1156 Vigiliis,
432 1081 464 1136 ct
474 1071 578 1158 prima
593 1068 646 1133 dic
660 1072 890 1158 Rogatianum,
906 1073 1019 1159 incipit
1032 1095 1050 1140 u

48 1165 213 1231 Matutino:
239 1169 273 1230 in
298 1167 368 1231 aliis
391 1187 469 1233 vero
494 1167 595 1230 Feriis
616 1187 820 1251 perannum,
851 1167 926 1234 inde
952 1170 987 1233 fit
1008 1167 1050 1234 dc

47 1261 143 1344 Faria,
160 1261 217 1326 ubi
243 1260 359 1327 desinit
387 1262 534 1328 Officium
557 1259 766 1347 precedentis
789 1261 870 1328 diei:
893 1265 936 1329 ita
966 1275 1001 1329 ut
1023 1265 1049 1330 si

47 1355 233 1439 precedenti
250 1356 302 1421 dic
328 1358 425 1422 fucrit
440 1359 576 1441 Duplex,
596 1358 647 1421 vel
667 1354 885 1443 Semiduplex,
902 1360 1050 1424 Officium

46 1451 138 1514 Feriae
153 1453 286 1538 incipiat
297 1452 441 1539 sequenti
454 1450 506 1516 die
519 1472 539 1516 a
553 1451 725 1517 Matutino:
750 1453 774 1516 si
789 1452 981 1538 precedenti
996 1453 1050 1518 dic

46 1545 134 1607 luerit
144 1546 275 1611 Festum
291 1547 444 1631 Simplex,
458 1545 498 1609 de
510 1547 601 1609 Faria
615 1546 669 1611 fiat
684 1569 702 1610 a
716 1548 866 1632 Vesperis
878 1549 962 1615 illius
973 1572 1050 1636 prm·

45 1637 181 1704 cedentis
195 1639 260 1704 diei
276 1641 444 1706 inclusive.
472 1641 626 1704 Similiter
650 1650 681 1705 et
706 1640 835 1728 quaudo
851 1643 883 1706 in
898 1644 989 1708 Faria
1006 1643 1050 1709 lv

46 1743 73 1795 ct
91 1733 139 1799 VJ
164 1735 312 1816 Quatuor
339 1736 532 1820 Temporum
553 1735 761 1821 Septembris,
789 1746 821 1800 et
843 1737 876 1800 in
891 1738 982 1802 Feria
1005 1738 1050 1804 IV

46 1829 201 1911 Cincrum,
219 1853 257 1896 ac
271 1832 439 1919 invigiliis
453 1833 592 1896 occurrit
606 1828 734 1918 aliquod
750 1832 878 1896 Festum
894 1834 1048 1918 Simplex,

46 1922 158 2010 dequo
173 1926 243 1989 lieri
259 1925 357 1990 debet
380 1926 657 2006 Commemoratio,
683 1937 760 1990 tunc
782 1927 974 2012 precedenti
996 1927 1049 1994 dic

46 2019 112 2104 (nisi
125 2021 224 2084 luerit
239 2022 366 2085 Festum
383 2042 498 2086 novem
513 2021 712 2090 Lectionum)
736 2022 769 2084 in
783 2022 935 2106 Vesperis
958 2024 993 2087 lit
1007 2023 1048 2088 dc

46 2115 140 2192 Feria,
154 2125 191 2178 ut
203 2116 235 2178 iu
246 2115 412 2196 Psalterio,
427 2115 493 2178 sinc
505 2114 670 2193 Precibus,
687 2135 760 2177 cum
772 2114 923 2180 Oratione
939 2118 1050 2182 Domi-

48 2208 118 2273 nieac
142 2208 365 2296 precedentis,
383 2220 414 2273 et
428 2231 501 2273 eum
526 2208 834 2274 Commemoratione
849 2211 932 2276 Festi
953 2213 1049 2278 triurn

48 2304 228 2368 Lectionum
244 2305 275 2367 in
290 2304 435 2392 sequenti
447 2303 538 2368 Feria
554 2303 761 2386 oecurrentiS,
779 2314 814 2368 ut
829 2302 953 2370 dicetur
968 2307 1050 2371 infra

49 2397 76 2461 in
88 2399 232 2464 Robrica
247 2398 287 2463 de
306 2399 546 2464 Concurrcutia.
565 2399 767 2464 Terminatur
782 2410 888 2465 autem
903 2401 1050 2466 Officium

49 2489 82 2553 dc
110 2495 202 2559 Faria
220 2495 435 2581 subsequente
450 2494 589 2578 Duplici,
612 2496 664 2558 vel
691 2494 913 2581 Semiduplici,
934 2495 974 2560 ad
991 2500 1049 2562 No·

50 2607 131 2652 nam:
145 2589 362 2677 subsequente
376 2610 453 2654 vero
468 2589 624 2675 Simplici,
638 2587 679 2652 de
691 2590 831 2676 quolieri
844 2588 962 2656 debeat
972 2594 1050 2657 Olli-

49 2679 135 2764 cium,
153 2681 194 2747 ad
218 2683 398 2769 Capitulum
415 2684 640 2769 Vospcrarum,
657 2685 732 2771 quia
745 2683 820 2748 inde
836 2685 870 2750 fir
893 2684 933 2750 de
958 2689 1050 2752 Festo

50 2777 197 2864 Simplici,
210 2781 331 2867 absque
345 2782 409 2844 ulla
423 2779 575 2866 deinceps
588 2780 894 2846 Commemoratione
908 2784 1020 2848 Ferie.
1100 2823 1103 2828 ι

85 2876 116 2938 5.
137 2874 192 2940 Ad
217 2876 408 2940 Matutinum
432 2874 550 2941 dieitur
577 2898 677 2940 unum
704 2885 828 2942 tanturn
851 2879 1049 2944 Nocturnum

50 2989 112 3033 eum
135 2969 309 3035 duodecim
323 2972 467 3054 Psalmis,
485 2969 661 3036 secuudum
677 2970 823 3036 ordinem
837 2973 1002 3037 Feriarum
1017 2974 1050 3036 in
1125 2995 1129 3002 ·

50 3065 207 3150 Psalterio,
225 3076 256 3131 et
271 3067 372 3132 tribus
387 3067 602 3150 Lectionibus,
618 3078 653 3132 ut
674 3069 705 3130 in
727 3068 861 3152 Proprie
886 3066 928 3130 de
956 3070 1050 3133 Tem·
1100 3133 1102 3138 ,

50 3181 129 3244 pore.

87 3257 116 3320 4.
140 3256 353 3342 Excipiuntur
379 3256 421 3319 ab
445 3257 506 3320 hoe
527 3255 697 3319 Ordiuario
719 3255 821 3321 Officii
848 3256 966 3320 ferialis
988 3266 1051 3321 tres

51 3351 137 3415 leriae
152 3352 293 3438 majores
314 3348 532 3415 Hebdomade
554 3361 680 3433 sancte,
697 3361 729 3426 et
743 3352 843 3415 Feriae
857 3352 1049 3417 Octararum

50 3446 168 3512 Paschae
184 3458 215 3510 et
229 3449 444 3530 Pentecostcs,
461 3446 493 3509 in
509 3446 626 3533 quibus
640 3446 675 3510 fit
701 3445 859 3525 Officium,
880 3456 915 3510 ut
931 3446 963 3509 in
979 3466 1050 3531 pro·

52 3542 117 3624 priis
132 3542 210 3607 locis
230 3542 372 3626 ponitur.

87 3638 116 3700 5.
140 3635 312 3719 Quomodo
324 3633 538 3700 ordinandum
551 3636 591 3700 sit
606 3636 754 3702 Officium
766 3633 806 3698 dc
821 3634 911 3698 Feria
929 3631 967 3697 ud
982 3635 1049 3697 Ma-

53 3731 189 3813 tutinum,
204 3741 236 3794 et
247 3730 324 3793 alias
340 3731 453 3808 Horas,
471 3731 546 3794 item
571 3728 611 3794 dc
633 3729 849 3808 Lectionibus,
862 3728 1049 3818 ctRespon·

53 3827 142 3906 soriis,
159 3837 192 3892 et
206 3825 337 3914 quando
351 3823 494 3891 dicendae
508 3827 571 3890 sint
592 3827 707 3890 Preces
719 3825 857 3906 feriales,
872 3843 909 3886 ae
923 3818 963 3884 de
979 3820 1049 3884 aliis

54 3941 113 4004 qnae
127 3921 166 3986 ad
182 3922 329 3986 Officium
351 3922 450 3986 Ferirc
472 3921 644 4007 pertinent,
662 3920 823 3984 habentur
850 3917 982 3982 inferius
1006 3913 1048 3978 de

55 4014 173 4102 singulis
186 4017 324 4103 propriae
337 4018 498 4082 Rubricae.
