2806 4736
286 165 352 229 100
706 177 901 227 oousrronus

287 274 454 339 celebrant
469 270 596 334 Missam
613 267 646 329 in
662 266 813 331 Ecclesiis
829 266 881 331 vel
894 265 1050 329 Oratoriis
1065 262 1163 348 hujus
1179 266 1256 328 loei.
1269 268 1313 329 In

287 370 381 432 Festo
399 386 475 432 vero
491 373 523 427 et
538 383 596 448 per
621 361 777 425 Octavam
807 361 902 424 Tituli
919 361 1081 441 Eeclesiae,
1114 360 1308 444 Symbolum

288 461 463 528 dicendum
479 468 527 522 cst
543 458 574 520 in
592 456 645 519 illa
657 456 798 520 Ecclesia
822 465 976 518 tantuma
993 454 1214 519 sacerdotibus
1231 449 1314 518 huic

288 555 470 641 adscriptis.

333 647 448 732 Quoad
459 643 641 711 sacerdotes
654 653 837 725 extraneos,
856 645 907 709 vel
925 643 1073 708 Ecclesiae
1088 664 1151 706 non
1165 641 1313 729 adserip-

288 755 349 827 tos,
374 750 509 830 possunt
533 738 590 803 sed
617 760 682 802 non
710 737 832 802 debent
860 739 995 802 recitare
1014 735 1139 816 Crede‚·
1163 738 1225 800 nisi
1248 738 1312 800 ha-

287 841 387 903 beant
414 837 562 901 Officium
579 833 745 898 diversum
768 844 799 897 et
817 831 960 898 debeant
986 833 1113 896 Missam
1138 833 1306 898 celebrare

289 935 490 999 conformem
506 929 655 994 Ecclesiae
671 928 783 990 alienae
801 929 832 991 in
850 950 913 1015 qua
929 928 1105 1005 celebrant,
1126 939 1204 992 lune
1219 928 1312 991 enim·

287 1027 446 1092 deberent
461 1026 558 1090 etiarn
583 1024 691 1086 dicere
707 1022 908 1107 Symbolum,
930 1035 965 1087 ut
992 1024 1172 1107 explicatur
1192 1032 1312 1109 quaest.

291 1123 354 1187 189
370 1132 402 1186 et
415 1143 487 1208 sqq.
524 1146 527 1151 ·

334 1216 453 1298 Quaest.
475 1214 550 1279 186.
575 1213 749 1274 Discre'nten
775 1211 858 1296 quod
884 1215 965 1290 inter
991 1213 1168 1273 Patronem
1196 1210 1257 1274 loci
1282 1223 1312 1274 et

295 1310 436 1375 Titulus-m
450 1300 729 1372 Ecctestoe'rartone
743 1304 884 1388 Symbola·
908 1305 1088 1392 faciendum
1111 1315 1167 1382 ost,
1186 1305 1319 1368 ostende·

293 1405 450 1489 exemplis.

335 1500 378 1562 R.
404 1499 436 1559 l.
461 1497 591 1558 Festum
608 1495 739 1558 Patroni
755 1496 816 1558 loci
834 1495 931 1559 afficit
957 1505 1057 1560 totum
1085 1497 1191 1559 locum
1216 1493 1317 1579 cujus

291 1601 496 1678 patrouatum
513 1590 623 1671 habet,
644 1589 729 1654 unde
746 1592 778 1654 in
792 1593 886 1657 Festo
903 1602 934 1654 et
950 1614 1006 1677 per
1018 1592 1173 1655 Octavam
1187 1589 1221 1653 S.
1238 1590 1317 1652 Ru·-

294 1684 407 1763 moldi‚
424 1685 555 1748 Patroni
570 1685 717 1748 dioecesis
739 1687 989 1764 Mechliniensis‚
1020 1684 1139 1750 dieitur
1159 1681 1258 1748 Credo
1275 1685 1316 1746 in·

293 1780 442 1844 omnibus
457 1779 606 1844 Ecclesiis
628 1789 660 1842 et
684 1780 832 1844 oratoriis
848 1781 943 1848 etiam
961 1781 1093 1865 privatis
1119 1780 1152 1842 in
1180 1776 1317 1841 dioeeesi

294 1875 374 1940 sitis.

338 1966 428 2032 Idam
441 1971 566 2033 resolve
581 1966 621 2032 de
637 1971 730 2033 Festo
746 1970 779 2032 S.
798 1971 905 2034 Mariae
928 1967 1137 2055 Magdalenae,
1156 1987 1214 2050 pro
1233 1964 1315 2029 civi·

295 2070 359 2125 tate
378 2061 598 2126 Mechliniensi
613 2061 705 2146 cujus
717 2063 812 2125 etiarn
825 2074 872 2127 est
887 2066 1041 2127 Patrona.

340 2154 375 2218 Si
404 2152 554 2218 sacerdos
584 2155 756 2233 secularia,
782 2154 927 2222 dioecesis
943 2158 1059 2233 incola,
1078 2157 1206 2220 Missam
1223 2157 1312 2217 eele-

293 2251 365 2314 brat
389 2249 471 2312 infra
486 2247 639 2313 Octavam
656 2250 690 2312 S.
703 2251 858 2314 Rumoldi
874 2252 905 2315 in
922 2252 1028 2336 aliqua
1043 2250 1185 2314 Ecclesia
1197 2251 1315 2334 Regu·

293 2342 429 2425 larium,
463 2365 498 2408 v.
529 2365 562 2428 g.
595 2344 743 2406 Fratrum
775 2347 937 2410 Minorum
961 2345 1153 2427 Mechliniae,
1183 2341 1311 2407 ibidem

295 2437 403 2501 dicere
419 2436 517 2501 debet
534 2435 645 2518 Credo,
664 2438 751 2523 quia,
766 2440 842 2503 lieet
856 2443 1036 2528 Regulares
1053 2462 1116 2504 non
1139 2448 1320 2503 teneantur·

278 2617 279 2620 Ἴ
294 2530 336 2597 ad
351 2531 506 2597 Octavam
521 2531 652 2594 Patroni
669 2532 729 2595 loci
746 2533 872 2619 (quaest.
888 2537 957 2620 81),
978 2535 1119 2599 Ecclesia
1134 2545 1241 2598 tamen
1256 2533 1314 2595 illa

294 2627 506 2712 Regulariom
533 2627 592 2689 sita
615 2627 718 2689 estin
741 2629 812 2691 loeo
837 2641 1022 2714 patronatus
1037 2631 1071 2693 S.
1092 2625 1260 2702 Rumoldi,
1279 2636 1315 2688 et

294 2719 430 2806 proinde
443 2720 542 2806 exigit
558 2719 655 2785 Credo
669 2733 816 2806 respectu
833 2725 1007 2790 sacerdotis
1024 2724 1184 2789 saecularis
1196 2723 1253 2808 qui
1269 2719 1313 2784 ad

296 2816 451 2882 Octavam
468 2815 640 2900 obligatur.

338 2912 370 2973 2.
395 2911 518 2974 Titulus
540 2931 619 2974 vero
648 2911 809 2990 Ecclesia,
839 2914 872 2976 in
906 2915 1070 2999 supposito
1097 2910 1185 2999 qnod
1215 2911 1315 2974 simul

296 3003 424 3065 nonsit
452 3004 609 3066 Patronus
633 3003 707 3084 loci,
736 3004 833 3071 afficit
863 3017 986 3070 tantum
1013 3007 1187 3070 Ecclesiam
1217 3003 1319 3089 eujus-

296 3095 418 3160 Titulus
434 3104 492 3176 est,
508 3116 572 3159 non
586 3106 693 3160 autem
708 3119 741 3160 se
755 3099 901 3165 extendit
917 3113 1006 3166 extra
1016 3102 1132 3165 limites
1147 3099 1312 3163 Ecclesiae.

296 3188 389 3256 Unde
406 3189 553 3254 sacerdos
576 3193 725 3256 Ecclesiae
748 3197 925 3279 parochiali
950 3197 984 3260 S.
1014 3195 1190 3259 Catharinae
1212 3192 1318 3280 hujus

296 3285 433 3350 civitatis
463 3285 654 3370 adscriptus,
672 3289 697 3350 si
714 3291 800 3376 legat
826 3292 953 3357 Missam
977 3301 1066 3356 extra
1086 3310 1176 3353 suam
1198 3289 1315 3352 Eccle-

296 3380 389 3458 siam,
406 3380 439 3444 in
450 3383 542 3445 Festo
556 3382 606 3444 vel
620 3402 677 3465 per
690 3383 844 3450 Octavam
872 3388 905 3451 S.
927 3386 1118 3462 Catharinae,
1137 3403 1202 3445 non
1225 3381 1316 3444 dicet

298 3475 496 3560 Symbolum,
508 3472 682 3562 nequidem
692 3477 723 3542 in
736 3482 852 3547 sacello
865 3484 1013 3546 Fratrum
1027 3479 1227 3555 Cellitarom,
1236 3475 1318 3538 lieet

291 3567 329 3635 'in
345 3571 496 3652 parochia
511 3571 584 3635 sito.

342 3662 460 3742 Quaest.
487 3667 562 3728 187.
587 3669 641 3732 Au
668 3693 739 3755 erpo
757 3673 896 3736 sacerdos
918 3673 982 3758 poi,
1013 3673 1046 3734 in
1075 3670 1161 3732 Festo
1189 3663 1238 3727 ool
1256 3683 1320 3747 per

300 3752 447 3820 Octavam
459 3761 511 3820 sui
524 3759 671 3844 Patroni,
690 3764 818 3828 celebret
834 3778 921 3828 extro
936 3766 1035 3829 locum
1044 3771 1246 3847 potronatus,
1265 3755 1318 3818 vel

297 3857 384 3908 extro
398 3850 566 3914 Ecclesiam
580 3856 632 3916 sui
650 3857 814 3937 TitulariS,
832 3859 917 3922 nullo
934 3860 965 3920 in
989 3856 1061 3921 eos-u
1077 3854 1169 3918 addet
1180 3849 1317 3935 Symbo-

296 3937 363 4010 lum
378 3943 410 4003 in
427 3943 555 4007 Misso?

340 4035 387 4104 R.
408 4035 537 4102 Certum
564 4053 610 4107 est
631 4045 830 4112 sacerdotem
853 4047 943 4110 illum
965 4067 1029 4111 non
1054 4044 1175 4110 debere
1202 4041 1320 4106 dicere
