2750 4738
316 206 358 270 98
750 234 893 280 aurarem

358 324 392 388 5.
417 325 454 388 Iu
469 323 643 392 Dominicis
654 325 834 414 Adventus,
852 343 883 398 ct
907 333 939 396 in
954 333 1129 397 Dominicis
1150 334 1305 418 aSeptua·

315 417 435 505 gesima
450 439 552 506 usque
571 419 610 484 ad
624 422 823 492 Dominicam
849 430 1032 493 Palmarum
1044 429 1213 505 inclusive,
1238 436 1265 489 et
1282 427 1305 487 in

315 509 435 575 Triduo
449 521 523 576 ante
541 513 677 600 Pascha,
699 514 855 586 dicuntur
876 543 991 589 novem
1007 522 1234 607 Responsoria,
1248 519 1306 606 quie

314 615 391 670 tuuc
411 627 476 672 non
499 605 617 675 dicitur
631 613 673 676 Te
685 614 801 680 Deum.

356 701 445 766 t.1n
468 701 579 768 Officio
602 716 709 772 autem
740 711 838 776 trium
859 711 1059 792 Lectionum,
1080 711 1211 799 quando
1227 711 1256 775 fit
1276 708 1306 772 de

314 795 418 873 Festo,
433 806 466 860 et
479 795 512 860 in
525 798 625 864 Feriis
638 803 803 890 Temporis
814 806 988 887 Paschalis,
1004 806 1092 894 quod
1106 808 1248 875 estintcr
1260 807 1306 868 Do-

314 889 464 954 minicem
480 890 512 954 in
524 890 615 957 Athis
632 904 663 959 ot
675 894 901 966 Ascensionem
912 903 1056 987 (excepta
1069 902 1161 965 Feria
1177 903 1207 965 ΙΙ
1217 903 1307 986 Roga·

315 983 450 1067 tionum,
466 984 498 1048 in
514 1007 577 1073 qua
593 991 723 1074 ponitur
738 995 866 1060 tertiam
881 997 1158 1082 Responsorium),
1176 993 1308 1060 dicuntur

314 1075 379 1144 duo
406 1079 633 1166 Responscria,
651 1087 726 1173 quia
749 1100 821 1174 post
847 1092 976 1155 tertium
999 1092 1183 1170 Lectionem
1209 1089 1308 1154 dicitur

314 1173 357 1237 Tc
372 1174 487 1238 Deum.
505 1175 584 1258 Qua:
599 1180 816 1267 Responscria
831 1186 864 1250 in
880 1185 982 1250 Festis
995 1196 1164 1250 sumuntur
1175 1183 1215 1248 de
1231 1185 1307 1250 Com·

313 1270 402 1332 muni
420 1269 628 1338 Sanctorum:
647 1287 679 1340 et
697 1277 730 1342 iu
746 1277 840 1344 dictis
855 1282 956 1345 Feriis
971 1281 1136 1366 Temporis
1151 1281 1306 1358 Pambotis,

313 1362 444 1449 quando
460 1364 522 1429 alia
545 1371 675 1456 propria
696 1394 759 1437 non
786 1377 998 1464 assignantur,
1014 1388 1185 1440 sumuntur
1202 1374 1241 1439 de
1256 1377 1308 1438 Dc-

313 1457 442 1540 miniea,
462 1461 495 1523 in
510 1483 574 1548 qua
596 1466 699 1549 primo
715 1479 789 1533 sunt
805 1471 918 1555 posita,
941 1471 1002 1536 hoc
1029 1469 1164 1534 ordine:
1186 1467 1307 1534 secunda

314 1561 346 1616 et
372 1554 484 1640 quinta
510 1556 613 1640 Feria,
646 1562 787 1646 primum
813 1576 845 1630 et
870 1564 1047 1632 secundum
1072 1565 1307 1651 Responsorium

313 1646 407 1731 primi
423 1649 595 1716 Nocturni:
617 1655 710 1721 Feria
727 1659 853 1722 tertiam
879 1671 911 1726 et
937 1670 1036 1742 sexta,
1064 1661 1204 1745 primum
1227 1669 1256 1723 at
1269 1679 1308 1722 se·

313 1740 455 1806 cundum
481 1745 730 1832 Responscrium
747 1754 879 1819 secundi
895 1756 1048 1820 Nocturni
1066 1755 1182 1820 :Faria
1198 1763 1307 1840 quarta,

312 1837 451 1922 primum
468 1851 499 1906 et
514 1842 691 1911 secundum
706 1850 959 1936 Responsorium
976 1852 1059 1916 tertii
1076 1851 1241 1916 Nocturni.

357 1932 390 1996 5.
408 1935 445 1998 In
460 1937 530 2000 aliis
540 1937 640 2004 Feriis
656 1953 747 2007 extra
762 1945 899 2032 Tempus
910 1947 1077 2030 Paschate,
1095 1945 1245 2011 dicuntur
1259 1943 1306 2008 tria

312 2027 529 2113 Responscria
556 2033 645 2121 (quia
672 2037 704 2100 in
732 2039 793 2103 illis
821 2039 1029 2106 condicitur
1056 2043 1099 2106 Te
1125 2043 1237 2127 Deum)
1258 2041 1308 2102 hcc

314 2121 447 2188 ordine:
469 2127 560 2192 Feria
580 2129 611 2192 ΙΙ
627 2141 659 2194 et
674 2132 714 2216 V,
731 2134 790 2198 tria
805 2136 1019 2222 Responscria
1036 2137 1130 2223 primi
1150 2135 1306 2201 Nocturni:

312 2218 402 2281 Faria
416 2220 461 2282 111
474 2231 505 2285 et
519 2222 575 2306 VI,
591 2225 651 2289 tria
665 2228 882 2314 Responscria
897 2231 1028 2296 secundi
1041 2231 1212 2296 Nocturni:
1229 2229 1307 2295 Feria

204 2317 207 2322 ’
312 2312 358 2380 IV
372 2323 404 2376 et
419 2313 571 2399 Sabbata,
598 2320 729 2405 quando
742 2323 775 2386 in
791 2346 828 2388 ec
844 2325 879 2390 fit
894 2323 935 2388 de
957 2327 1061 2408 Feria,
1090 2327 1151 2390 tria
1176 2328 1308 2410 Respon-

312 2407 395 2471 soria
411 2409 494 2472 tertii
510 2412 664 2477 Nocturni
680 2416 852 2484 Dominicae
865 2421 1085 2506 praecedentis,
1100 2422 1132 2484 in
1145 2443 1207 2509 qua
1219 2422 1308 2506 primo

311 2511 384 2565 sunt
395 2502 508 2587 posita.
520 2505 641 2572 Verum
654 2512 727 2595 quia
741 2513 774 2575 in
786 2515 880 2578 tertio
892 2516 1054 2580 Nocturno
1066 2517 1305 2593 Dominicarum,

311 2615 329 2658 a
345 2597 437 2661 tertia
453 2609 524 2683 post
536 2602 748 2668 Pentecosten
763 2607 931 2693 inclusive,
953 2631 1056 2698 usque
1072 2610 1113 2675 ad
1136 2609 1306 2677 Adventum

312 2691 485 2772 exclusive,
502 2717 566 2759 non
585 2696 723 2763 habetur
737 2702 798 2766 uisi
821 2723 922 2767 uuum
940 2705 1194 2791 Responsorium
1210 2705 1307 2769 dicen·

312 2781 389 2849 dum
400 2785 483 2852 infra
499 2789 755 2878 Hebdomadam,
774 2796 860 2882 quod
878 2809 924 2862 est
940 2801 1112 2884 septimum
1130 2803 1162 2865 in
1178 2798 1307 2866 Domini·

312 2899 360 2960 ca,
391 2892 561 2967 propterca
588 2887 673 2972 quod
694 2892 944 2975 Responsorium
961 2896 1031 2958 Duo
1048 2897 1227 2982 Seraphim,
1253 2913 1307 2956 non

312 2969 430 3037 dicitur
441 2976 500 3039 nisi
515 2977 547 3041 in
559 2982 719 3064 praedictis
731 2987 904 3052 Dominicis
913 3012 921 3072 5
936 2988 1009 3053 ideo
1025 2991 1118 3054 Faria
1131 2992 1175 3057 IV
1194 3001 1224 3056 et
1238 2987 1307 3052 Sab-

311 3068 398 3152 bato,
438 3073 568 3157 quando
595 3077 811 3164 Responscria
849 3083 1004 3149 sumenda
1035 3097 1131 3151 erunt
1162 3108 1201 3150 rx
1227 3081 1306 3149 tertio

311 3161 483 3246 Nocturno,
498 3169 638 3252 primurn
649 3175 899 3260 Responsorium
914 3179 973 3242 crit
986 3179 1072 3265 quod
1089 3191 1137 3245 est
1152 3180 1307 3267 septimum

311 3258 485 3324 Dominicae
504 3285 511 3327 :
533 3266 676 3332 secundo
693 3280 724 3334 et
741 3272 833 3336 tertio
849 3274 919 3337 loco
943 3273 1061 3338 dicitur
1088 3273 1260 3340 secundum
1282 3277 1309 3331 et

312 3353 442 3418 tertium
458 3362 621 3445 sequentis
631 3363 749 3448 Feriae3
768 3364 800 3429 id
815 3378 873 3450 cst,
887 3379 959 3453 post
969 3370 1144 3435 secundam
1157 3382 1188 3437 et
1197 3368 1308 3434 tertiam

311 3447 507 3526 Lectionem,
523 3453 640 3522 dicitur
665 3460 842 3526 secundum
860 3474 891 3527 et
907 3466 1037 3529 tertium
1056 3465 1306 3552 Responsorium,

313 3541 399 3626 quod
416 3557 462 3611 cst
478 3551 655 3618 secundum
671 3564 702 3618 et
719 3558 849 3622 tertium
865 3558 1011 3624 secundae
1027 3562 1192 3647 sequentis
1210 3557 1308 3630 Feriae,

311 3635 337 3698 si
350 3642 478 3724 propria
493 3645 708 3731 Responscria
720 3650 889 3736 habuerit3
902 3654 1043 3741 alioquin
1056 3656 1082 3718 si
1095 3678 1160 3719 nou
1175 3649 1309 3721 habuerit

310 3735 452 3817 propria,
464 3734 580 3805 dicitur
594 3744 772 3810 secundum
782 3757 813 3811 et
824 3749 953 3812 tertium
962 3751 1214 3836 Responsorium
1227 3742 1308 3833 primi

311 3824 464 3892 Nocturni
478 3831 622 3916 ejusdem
634 3840 820 3906 Dominicae.
830 3841 881 3906 Ab
891 3843 1011 3908 Octava
1023 3846 1209 3930 Epiphania
1220 3858 1308 3925 usquc

311 3907 352 3973 ad
364 3912 649 4008 septuagesimam,
661 3927 822 3992 habentur
834 3931 1050 4015 Responscria
1068 3933 1197 4018 propria
1212 3931 1241 3992 in
1255 3927 1308 3990 sin·

311 4006 396 4092 gulis
418 4009 531 4095 Feriis,
557 4029 689 4104 excepto
712 4021 873 4106 Sabbat03
905 4024 938 4086 iu
966 4046 1042 4111 quo,
1072 4025 1202 4112 quando
1222 4022 1254 4087 fit
1272 4017 1307 4080 de

244 4173 248 4182 ,
309 4102 415 4187 Faria,
432 4101 583 4175 dicuntur
596 4113 813 4200 Responscria
835 4117 923 4181 ferie:
941 4119 998 4185 IV.
