2750 4738
437 315 630 381 saevianit.''

296 627 415 706 ΧΧΙ.
443 628 497 703 De
514 627 751 722 Arillplionls.

72 909 99 972 l.
115 905 167 972 ld
178 927 289 972 omnes
300 908 413 988 Horas,
427 907 604 970 Nocturnas
615 914 647 969 ct
658 901 807 982 Diurnas,
821 923 948 988 semper
961 923 1034 968 cum

36 1003 158 1066 Psalmis
170 1000 323 1068 dicuntur
335 999 538 1084 Antiphonae,
551 999 603 1064 vel
619 1019 694 1078 una,
711 997 765 1062 vel
777 999 896 1082 plures,
915 1018 972 1084 pro
984 995 1034 1062 di·

37 1097 174 1161 versitate
190 1096 306 1183 Officii,
323 1096 539 1160 etHorarum.
929 1107 933 1114 '

73 1193 102 1255 t.
125 1192 161 1256 Si
181 1189 222 1254 de
244 1189 465 1275 Temporeliat
486 1187 645 1269 Officium,
668 1184 701 1250 id
717 1194 776 1266 cst,
793 1183 834 1248 de
856 1185 1033 1267 Dominioa,

37 1297 83 1350 aul
95 1288 198 1367 Feria,
212 1284 363 1351 dicuntur
377 1285 569 1371 Antiphone.
596 1293 630 1348 ut
646 1282 679 1345 in
693 1280 861 1362 Psalterio,
875 1302 946 1367 quaa
960 1301 1034 1348 cum

37 1381 158 1446 Psalmis
179 1382 289 1467 positae
312 1382 344 1446 in
365 1381 516 1467 Vesperis
539 1378 723 1460 Dominicoe,
749 1387 782 1442 et
803 1377 982 1457 Feriarum,
1001 1377 1032 1443 in

36 1477 252 1561 Complatorio,
271 1487 303 1542 et
317 1477 349 1540 in
363 1477 534 1542 Nocturnis
551 1473 661 1558 (etiam
684 1470 814 1558 quando
828 1471 864 1536 fit
885 1472 1033 1539 Officium

36 1569 71 1633 de
91 1573 181 1636 Festo
202 1571 299 1636 trium
322 1572 521 1651 Lectionum,
548 1566 581 1632 id
598 1577 655 1647 est,
671 1565 842 1652 Simplici),
857 1587 1038 1654 numquam

37 1677 200 1748 mutantur,
214 1667 275 1732 nisi
286 1669 443 1751 Tempora
455 1665 620 1746 Paschali,
637 1665 670 1728 in
683 1683 747 1750 quo
762 1660 881 1728 dicitur
892 1685 955 1727 una
970 1674 1036 1729 tan·

38 1773 96 1828 tum
107 1763 303 1848 Antiphona‚
316 1761 468 1849 Alleluja,
482 1769 616 1846 excepto
628 1761 726 1825 ctiam
737 1760 893 1844 Tempore
908 1757 1036 1825 Adven-

38 1867 92 1937 tus,
101 1859 131 1921 in
144 1856 262 1945 quoad
274 1858 444 1944 Vesperas,
454 1868 485 1921 et
496 1858 674 1920 Nocturnos
685 1853 859 1918 Dominica
871 1863 1036 1939 pornnitur

38 1951 216 2039 Antiphonae
233 1954 381 2038 propriae.
393 1955 429 2018 In
442 1950 616 2028 Laudibus,
631 1959 663 2014 et
678 1949 747 2014 aliis
762 1949 858 2012 Horis
873 1957 1037 2012 mutantur

39 2068 89 2128 pro
110 2047 292 2112 diversitate
317 2050 524 2134 Temporum,
541 2056 576 2110 ut
603 2047 636 2110 in
658 2043 793 2127 Proprio
815 2042 857 2107 de
881 2045 1037 2128 Tempore

39 2140 210 2206 habenturr
236 2163 310 2206 eum
330 2164 408 2208 vcro
432 2163 495 2206 non
521 2140 722 2226 assignantur
742 2137 889 2222 propriae,
911 2157 1038 2223 semper

41 2232 180 2301 dicuntur
192 2259 264 2325 quae
281 2237 388 2323 positae
405 2237 526 2302 suntin
542 2233 709 2300 Psalterio.

77 2331 108 2396 5.
129 2330 332 2417 Antiphone,
345 2354 417 2418 quae
432 2331 463 2394 in
473 2330 605 2416 Proprie
621 2326 662 2391 de
676 2328 832 2409 Tempore
847 2323 1040 2411 proSabba·

47 2427 78 2488 lis
92 2437 250 2510 promuntur
272 2426 312 2490 ad
329 2425 520 2512 Magnificat‚
545 2425 576 2486 in
600 2422 702 2507 prima
725 2421 889 2484 Dominiea
905 2418 1040 2504 alicujus

44 2521 159 2596 mensis,
174 2519 339 2586 sumendae
354 2531 427 2585 sunt
439 2541 478 2582 ex
490 2541 527 2582 ea
538 2515 791 2604 Dominica,quaa
803 2525 849 2580 est
865 2513 1042 2599 proximior

45 2613 197 2696 Kalendis,
220 2617 273 2682 vel
298 2627 346 2680 est
373 2617 405 2678 in
428 2611 584 2678 Kalendis
605 2611 690 2675 illius
710 2610 850 2690 mensis3
869 2619 904 2673 ut
919 2607 1039 2675 dictum

45 2719 85 2772 est
97 2731 188 2794 supra
203 2711 236 2774 in
248 2708 392 2776 Rubrioa
405 2707 447 2772 do
462 2708 648 2781 Dominicis,
671 2727 708 2768 ao
732 2704 827 2768 etiam
844 2703 876 2767 in
899 2702 1041 2768 Robrica

47 2803 151 2867 mensis
165 2803 321 2891 Augusti3
336 2814 368 2869 et
379 2825 505 2889 semper
517 2804 549 2865 in
557 2801 697 2867 Sabbato
715 2799 844 2880 ponitur
858 2796 1042 2882 Antiphone

47 2894 81 2958 ad
95 2898 281 2982 Magnificat,
300 2921 371 2986 quae
386 2897 536 2984 contigua
552 2906 599 2960 est
610 2896 693 2959 libro
705 2893 878 2977 Scripturas
893 2892 925 2955 in
937 2891 1043 2956 Domi·

48 2991 110 3054 nica
126 2992 283 3077 ponendo.
1010 2989 1014 2999 ’

84 3087 115 3149 l.
138 3088 171 3150 ln
186 3089 287 3153 Fastis
303 3108 419 3151 novem
435 3086 634 3164 Lectionum,
653 3085 692 3151 ad
715 3087 873 3170 Vesperas
894 3081 1045 3147 dicuntur

49 3179 227 3265 Antiphonae
246 3181 287 3245 dc
310 3180 486 3258 Laudibus,
512 3181 570 3244 nisi
596 3180 732 3264 propriae
756 3181 789 3242 in
804 3178 955 3262 Vesperis
970 3178 1044 3242 assi-

50 3283 184 3358 gnentur.
202 3274 252 3340 Ad
269 3278 371 3340 Horas
387 3276 544 3353 similiter,
565 3283 626 3337 tam
645 3274 677 3337 in
693 3274 802 3338 Officio
818 3269 859 3336 dc
875 3274 1043 3357 Tempore,

51 3388 137 3450 qnam
150 3367 188 3434 do
200 3371 335 3449 Sanctis,
353 3369 482 3457 qnando
494 3369 655 3433 habentur
673 3368 808 3454 propriae
825 3367 857 3430 in
868 3364 1043 3443 Laudibus,

52 3471 78 3523 el
90 3463 153 3527 aliae
166 3466 302 3551 propriae
317 3487 381 3529 non
395 3466 514 3528 luerint
534 3461 574 3526 ad
591 3464 705 3543 Horas,
722 3473 893 3527 sumuntur
908 3482 947 3526 ex
961 3463 1045 3526 Lau·
1110 3507 1113 3514 ,

52 3553 147 3639 dibus,
171 3570 284 3644 quarta
313 3560 535 3644 praetermissa,
563 3559 624 3621 hoc
650 3555 785 3621 ordine:
812 3556 861 3622 Ad
892 3557 1043 3637 Primam,

53 3651 162 3736 prima3
186 3654 228 3718 ad
254 3657 403 3737 Tertiam,
429 3652 592 3736 secunda,
617 3651 658 3715 ad
685 3655 826 3736 Sextnm,
858 3651 974 3733 lertia3
1005 3649 1044 3715 ad

54 3745 173 3826 Nonam,
188 3751 311 3836 quinta.

92 3839 127 3904 5,
145 3843 179 3906 Iu
199 3844 299 3907 Feriis
324 3843 502 3926 Adventus,
521 3863 590 3929 quae
610 3862 673 3906 non
690 3841 809 3906 habent
825 3841 858 3905 in
883 3839 1048 3905 Laudibus

56 3932 237 4020 Antiphonas
261 3939 418 4024 proprias,
442 3947 612 4002 sumuntur
633 3935 676 4000 ad
697 3938 800 4001 Horas
823 3959 863 4000 cx
883 3935 1047 4001 Laudibus

57 4027 213 4096 Dominicae
236 4031 456 4120 praecedentis.
474 4031 535 4096 Ubi
552 4051 629 4095 vero
653 4032 685 4095 in
702 4029 865 4096 Laudibus
880 4031 1046 4095 Feriarum

59 4121 166 4188 luerint
180 4127 324 4214 propriae,
342 4138 514 4194 sumuntur
528 4148 567 4189 ex
580 4125 655 4210 ipsis
668 4124 843 4190 Laudibus.

98 4217 128 4282 6.
149 4220 297 4308 Tempore
318 4222 476 4301 Paschali,
501 4221 532 4284 in
557 4217 761 4285 Officio'tam
799 4241 925 4299 novem,
951 4238 1046 4304 quarn
