2750 4738
423 217 598 260 uuuvmuu.
666 241 670 248 ·
981 200 1043 264 t05

47 315 149 380 dicitur
165 315 350 402 Antiphone
368 326 400 383 ct
413 317 545 402 Versus,
563 315 680 384 deinde
696 317 849 404 Oremus3
867 328 981 408 etpost
997 324 1043 387 ul·

47 411 142 475 timam
157 410 344 476 Orationem
365 413 530 500 ropetitur,
550 413 705 478 Dominus
727 412 916 482 vobiscum:
934 427 1043 504 postea

45 505 160 590 dicitur,
174 505 409 574 Benedioamus
426 507 808 595 Domino,respondotur,
827 514 895 577 Deo
910 514 1038 600 gratias.

46 599 155 664 Deinde
171 599 289 667 dicitur
310 603 442 682 Versus,
456 601 614 668 Fidelium
630 603 755 670 animae:
770 605 825 692 qui
840 607 960 674 Versus
979 629 1042 673 uon

45 693 149 760 dicitur
158 706 230 782 post
239 695 474 763 Benedicamus
488 699 637 784 Domino,
654 697 697 763 ad
710 699 863 781 Primam,
882 711 956 766 antc
967 704 1041 768 Pro·

46 790 135 872 tiosa,
169 813 274 878 neque
302 789 344 856 ad
372 793 635 880 Comptetorium,
667 805 741 859 ante
770 796 907 862 Versum
939 799 1043 864 Bene·

43 885 140 966 dicat,
178 909 239 951 nec
268 886 397 973 quando
429 900 500 976 post
522 891 664 978 aliquam
697 893 819 958 Horam
859 892 1043 960 immediato

45 983 175 1068 sequitur
203 982 352 1048 Officium
381 1007 515 1072 parvum
539 987 646 1052 Bautae
670 987 789 1072 Mariae,
819 989 870 1052 voi
896 989 1043 1056 Officium

47 1077 273 1160 Deiunctorum,
290 1089 346 1146 aut
361 1092 483 1167 septem
496 1082 616 1146 Psalmi
638 1083 892 1166 Poenitentiales,
906 1087 958 1152 vel
971 1088 1045 1152 solae

46 1171 174 1237 Litaniae.

82 1266 110 1330 i.
136 1267 168 1330 Si
194 1255 304 1332 Oratio
326 1265 484 1352 dirigatur
510 1268 551 1334 ad
576 1272 715 1355 Patrem,
741 1272 953 1359 concluditur,
982 1277 1046 1340 Por

46 1361 220 1444 Dominum3
237 1362 264 1426 si
279 1359 319 1428 ad
334 1362 465 1443 Filium,
483 1365 546 1446 Qui
564 1366 645 1432 vivis
660 1377 692 1432 et
706 1388 833 1454 regnas.
852 1369 885 1438 si
901 1370 933 1434 in
956 1370 1046 1457 priu-

47 1454 118 1539 cipio
131 1455 292 1520 Orationis
307 1456 362 1521 fiat
374 1457 494 1522 mentio
510 1460 593 1544 Filii,
608 1459 744 1542 dicatur,
757 1463 820 1526 Por
835 1463 984 1530 cumdem
993 1490 1002 1545 ;
1019 1467 1045 1530 si

47 1548 73 1611 in
91 1549 150 1613 fine
165 1551 338 1634 Orationis,
356 1549 493 1636 dicatur,
510 1555 573 1637 Qui
598 1566 703 1620 tecum
719 1557 799 1623 vivit
815 1569 847 1623 et
867 1572 993 1647 regnat.
1012 1562 1045 1626 Si

47 1643 90 1707 fiat
111 1648 229 1710 mentio
245 1647 382 1732 Spiritus
401 1649 514 1730 sancti,
531 1647 668 1731 dicatur,
695 1650 732 1714 ln
754 1652 876 1718 unitate
900 1654 1044 1742 ejusdem

50 1737 175 1822 Spiritus
191 1742 304 1824 sancti,
323 1751 385 1806 ctc.

84 1835 113 1898 5.
136 1835 273 1916 Quando
292 1837 400 1922 plures
422 1837 589 1904 Orationes
611 1838 775 1927 dicuntur,
796 1847 900 1930 prima
921 1857 1044 1914 tantum

48 1925 152 1992 dicitur
167 1931 227 1995 sub
241 1953 297 1995 sua
315 1934 531 2018 conclusione,
547 1938 610 2001 Per
620 1938 804 2022 Dominum,
825 1945 874 2008 vel
890 1943 993 2028 aliter,
1010 1955 1046 2010 ut

48 2042 150 2107 supra:
171 2026 240 2090 aliar
256 2048 320 2091 non
336 2029 584 2114 concluduntur,
610 2033 670 2098 nisi
683 2035 716 2098 in
732 2034 844 2100 ultima
867 2038 1019 2105 Oratione
1033 2062 1042 2122 ;

48 2115 95 2180 sod
109 2119 278 2207 unicuique
294 2122 438 2186 Orationi
450 2145 577 2212 semper
592 2129 788 2214 preponitur
805 2131 952 2217 Orcmus‚
966 2154 1044 2220 prta·

49 2220 180 2300 terquam
192 2216 224 2278 in
241 2216 352 2282 Officio
368 2218 611 2302 Defunctorum,
626 2223 658 2286 in
675 2245 738 2310 quo
754 2225 816 2290 alio
828 2225 936 2309 modo,
947 2249 1043 2315 quam

48 2316 191 2394 utsupra,
208 2311 375 2375 Orationes
390 2311 556 2400 dicuntur,
574 2317 651 2382 item
667 2319 699 2384 in
714 2321 858 2400 Litaniis,
876 2322 1044 2388 Orationes

49 2421 145 2466 omncs
171 2403 322 2470 dicuntur
343 2407 539 2498 conjunctim
568 2411 628 2476 sub
646 2434 710 2478 uno
736 2415 884 2500 Oramus,
915 2428 950 2484 ut
976 2419 1041 2484 suis

50 2496 116 2560 locis
130 2498 275 2565 hahetur.

228 2729 387 2808 XXXI.
411 2734 465 2811 De
484 2735 635 2832 Hymno
655 2739 703 2814 Te
718 2742 851 2819 Deum.

76 2957 103 3018 t.
125 2957 266 3044 Hymnus
286 2962 328 3025 Te
352 2963 455 3028 Deum
478 2963 597 3030 dicitur
622 2967 654 3030 in
681 2969 829 3054 omnibus
856 2973 955 3041 Festis
984 3001 1043 3065 por

50 3068 165 3136 annum,
180 3064 242 3118 tam
255 3057 351 3120 trium
364 3080 459 3144 qnam
473 3083 590 3127 novem
602 3064 801 3152 Lectionum,
816 3080 848 3134 ct
860 3093 916 3156 por
928 3094 1041 3144 eorum

50 3142 179 3228 Ostanes,
210 3162 343 3237 excepto
373 3155 466 3238 Festo
489 3169 671 3226 sanctorum
702 3163 948 3248 Innocentium,
980 3172 1041 3237 nisi

51 3240 159 3304 venerit
173 3242 203 3306 in
218 3245 403 3331 Dominica3
421 3248 539 3315 dicitur
561 3264 668 3320 tamen
692 3257 724 3321 in
745 3259 815 3348 ejus
830 3260 883 3326 die
906 3266 1039 3332 Octava.

51 3331 158 3398 Dicitur
172 3339 264 3404 etiam
282 3341 315 3404 in
332 3344 480 3409 omnibus
494 3348 681 3432 Dominicis,
695 3374 713 3417 a
728 3355 849 3420 Pascha
864 3358 1040 3425 Resurrec-

52 3425 130 3493 tionis
159 3431 322 3519 inclusive,
350 3441 513 3526 usquead
545 3443 730 3514 Adventum
757 3451 936 3538 exclusive,
963 3465 994 3520 ct
1022 3479 1040 3534 a

51 3519 201 3592 Nativitate
223 3531 350 3597 Domini
375 3535 542 3623 inclusive,
573 3541 739 3627 usquead
764 3543 1039 3634 Septuagesimam

52 3619 216 3708 exclusivc;
246 3637 277 3691 et
304 3629 337 3691 in
365 3631 513 3695 omnibus
541 3635 640 3700 Feriis
664 3637 828 3726 Temporis
855 3642 1038 3725 Paschalis,

52 3709 156 3778 scilicet
185 3739 201 3782 a
226 3720 391 3788 Dominioa
423 3725 454 3788 in
476 3725 567 3794 tttbis
593 3751 695 3816 usquc
721 3730 762 3797 ad
799 3734 1038 3824 Ascensionem,

54 3817 168 3891 excepta
182 3811 270 3877 Feria
287 3815 318 3878 ΙΙ
332 3818 561 3908 Rogationum,
579 3824 611 3887 in
627 3845 690 3910 qua
706 3829 915 3897 nondicitur.

88 3900 116 3962 2.
132 3903 196 3969 Non
213 3906 330 3976 dieitur
345 3923 451 3978 autem
465 3917 496 3980 in
509 3920 684 3986 Dominicis
695 3922 908 3992 Adventusot
925 3949 942 3992 a
959 3930 1040 4022 Sep:

55 3999 208 4084 tuagestma
230 4026 331 4096 usque
355 4010 394 4074 ad
418 4013 617 4083 Dominioam
640 4019 821 4088 Palmarum
860 4025 1038 4106 inclusive,

56 4106 143 4176 toque
159 4093 188 4160 in
200 4099 296 4166 Feriis
311 4116 400 4173 extra
415 4108 553 4196 Tempus
567 4116 732 4181 Paschate.
964 4129 966 4132 ’
