2754 4740
389 218 421 258 ln
435 216 585 257 itunnteas
600 218 775 258 nnuvmnn·
1068 199 1089 261 5

120 323 159 384 R.
174 317 285 400 Quoad
302 319 398 382 ritum
420 329 559 404 quatuor
584 321 638 382 illa
664 319 847 404 Duplicium
873 342 993 407 genera
1022 345 1086 387 non
1190 336 1194 344 ’

81 412 246 495 dill'eijunt3
274 423 347 476 sunt
388 413 473 475 enim
501 413 608 476 emnia
634 412 714 476 ritus
751 412 906 497 Duplieis.
945 414 1085 481 Aliunde

79 519 179 572 tamen
205 508 381 594 generatim
402 509 496 572 statui
514 518 617 592 potest
633 506 753 593 duplex
765 509 849 573 inter
864 505 1086 576 illa'dillere'u·

79 604 129 680 tia,
145 626 241 691 quam
254 614 423 690 sequentes
436 604 554 690 regulae
570 601 726 668 indicant.

118 701 159 762 ll.
175 702 266 762 Festo
276 719 335 782 que
350 698 495 782 dipniora
510 709 593 775 suttt,
613 719 646 761 eo
676 701 776 784 inopis
788 721 846 784 per
860 721 892 764 se
907 701 974 765 oola
989 702 1083 786 fiunt,

79 796 235 879 ontoosqoe
266 793 399 855 oliorum
430 813 532 856 seeum
573 793 770 878 adjunctione
806 795 968 860 vilescunt.
994 794 1086 859 Unde

80 910 107 950 v.
128 909 159 972 g.
186 887 313 971 Duplex
344 888 359 949 l
386 886 427 949 el.
462 885 567 971 rejicit
596 907 725 949 omnem
743 885 1087 954 Commemorationem

78 983 236 1044 Festorum
253 984 500 1044 occurrentium.
529 981 652 1065 Duplex
682 982 759 1044 aot.
792 980 932 1048 admittit
961 993 1084 1048 tantum

78 1076 412 1140 Commemorationem
423 1075 507 1138 Festi
523 1076 683 1160 Simplicis
698 1076 730 1138 in
745 1075 910 1142 Laudibus
926 1100 964 1142 ae
988 1077 1082 1140 Missa
1148 1117 1150 1122 -

76 1171 203 1254 privata.
221 1170 359 1255 Reliqua
378 1190 454 1236 vere
470 1169 752 1255 Dupliciamajera
772 1181 803 1235 et
826 1171 950 1236 minora
972 1172 1082 1234 exelu-

76 1263 148 1327 dunt
163 1265 490 1330 Commemorationes
507 1286 563 1328 seu
580 1263 738 1350 Suffragia
754 1266 936 1330 communia
949 1264 990 1329 ad
1006 1265 1083 1331 Ves-

75 1381 158 1442 peras
174 1370 205 1424 et
217 1357 354 1440 Laudes,
372 1382 450 1445 quas
466 1358 793 1425 Commemorationes
808 1359 980 1424 admittunt
991 1362 1083 1424 Festa

75 1453 295 1539 Semiduplieia
313 1465 344 1517 et
360 1457 536 1540 Simplicia.

112 1551 154 1613 Ψ.
181 1553 274 1612 Festo
299 1572 358 1634 quo
386 1553 531 1636 dipoioro
549 1563 622 1616 stant
653 1573 685 1614 eo
702 1550 860 1638 difficilius
884 1551 947 1614 loco
963 1571 1019 1612 sno
1036 1548 1085 1611 di-

73 1657 235 1708 moventur.
262 1646 344 1709 Hiue
355 1647 484 1710 Festum
499 1648 627 1732 Duplex
642 1649 658 1710 l
678 1649 719 1710 cl.
738 1645 824 1711 cedit
839 1657 961 1710 tantum
975 1646 1081 1707 lecum

72 1738 236 1802 Deminieae
261 1740 350 1820 tot,
367 1742 494 1826 Duplex
511 1764 588 1806 vero
616 1745 635 1806 2
669 1745 710 1805 el.
738 1743 843 1805 lecum
872 1739 957 1804 cedit
986 1741 1080 1802 Festo

72 1833 187 1916 Duplici
211 1836 339 1897 lebet
359 1837 533 1900 Dominieae
550 1838 565 1899 l
585 1838 651 1899 etD
674 1837 714 1898 el.
733 1847 765 1900 ct
788 1837 833 1900 sie
859 1834 1021 1918 deinceps,
1043 1840 1080 1894 ut

72 1925 186 1990 dicetur
202 1929 236 1990 in
253 1928 394 1991 sectione
410 1928 563 1994 secunda.

110 2021 226 2100 Quaest.
242 2023 275 2084 7.
298 2021 375 2100 Quae
388 2026 479 2087 Festo
493 2037 566 2088 sant
581 2026 729 2108 Duplieio
740 2029 759 2088 Ι
771 2024 840 2088 οἱ..Ρ

112 2118 149 2178 R.
162 2116 294 2178 Festum
309 2116 488 2180 Natiuitatis
504 2120 630 2182 Domini
640 2121 696 2205 (25
707 2117 909 2202 Decembris)

195 2235 209 2267 o
305 2211 491 2295 Epiphaniae
506 2215 634 2276 Domini
651 2215 684 2299 (6
699 2214 856 2299 Januarii)

195 2329 209 2361 o
305 2305 433 2368 Paschae
451 2308 718 2386 Resurrectionis,
746 2329 819 2371 eum
835 2307 937 2370 tribus
952 2314 1080 2369 antece·

358 2396 509 2463 dentibus
539 2412 569 2465 et
584 2399 709 2464 duobus
725 2399 930 2488 sequentibus
953 2395 1079 2478 diebus,

194 2517 207 2548 o
306 2495 506 2558 Ascensienis
518 2497 658 2574 Domini,

195 2615 208 2642 o
309 2588 522 2667 Pentecostcs,
540 2611 612 2653 eum
637 2589 764 2656 duobus
778 2586 996 2705 pequentibns
1012 2583 1082 2647 die-

351 2682 422 2759 bus,
498 2689 562 2762 fij„
596 2688 900 2758 L?o‚.,1„,sa.oo,o.,o

200 2799 214 2829 o
313 2772 460 2856 Corporis
477 2710 605 2853 ebrioli,
705 2788 729 2866 p‘

197 2893 212 2924 o
262 2937 265 2942 ¹
311 2867 682 2952 stosophttatlanii)

194 2988 209 3021 o
309 2961 487 3025 Natiuitatis
504 2963 536 3024 S.
555 2963 687 3026 Jeannis
701 2963 850 3048 Baptistae
866 2965 921 3050 (⁶24
937 2963 1039 3045 Junii)

195 3082 208 3112 o
307 3055 362 3118 ss.
381 3055 607 3141 Apostolorum
630 3059 717 3122 eoos
734 3069 766 3121 oo
780 3061 871 3122 naon
890 3059 943 3140 (ao
959 3058 1061 3140 Jooo)
1212 3041 1218 3062 ‘

197 3177 211 3209 o
308 3149 949 3238 AssumptienisB.M.V.(15Augustil
1172 3161 1174 3164 '

194 3273 208 3303 o
307 3243 458 3306 Omnium
476 3245 666 3309 Sanctorum
682 3248 713 3332 (l
730 3247 934 3330 Novembris)

192 3367 206 3399 o
306 3337 523 3402 Dedicatienis
539 3342 676 3426 prepriae
691 3342 851 3422 Ecclesiae,

192 3459 207 3495 o
304 3433 433 3496 Patroni
451 3435 502 3497 vel
516 3434 612 3498 Tituli
628 3438 787 3501 Ecclesiae.
1088 3441 1133 3548 s

107 3534 184 3596 Nota
196 3535 229 3598 l.
248 3534 473 3596 Recensentur
493 3532 546 3596 hie
562 3544 685 3599 tantum
711 3537 803 3600 Festa
833 3533 979 3617 Duplicia
1003 3533 1080 3596 lel.

72 3649 122 3708 ltro
135 3628 280 3692 Ecclesia
293 3628 485 3690 universali:
503 3649 577 3691 nam
593 3651 651 3713 pro
664 3629 855 3694 dioecesibus
879 3638 910 3690 et
932 3627 1083 3690 Ecclesiis

72 3720 309 3800 panicularibus
324 3722 416 3804 plura
431 3742 499 3783 esse
511 3723 655 3806 possunt.
672 3727 711 3789 Et
726 3726 771 3788 sic
787 3725 819 3786 in
832 3720 959 3786 dioeeesi
977 3731 1085 3785 nostra

72 3813 281 3879 Patrocinium
309 3815 344 3878 S.
373 3817 487 3899 Josopt
511 3818 691 3902 (Dominiea
716 3822 762 3882 ΙΙΙ
776 3825 856 3902 'pest
886 3816 1022 3900 Pascha)
1038 3824 1087 3878 est

71 3908 187 3994 Duplex
202 3913 219 3973 1
236 3911 279 3974 el.
299 3931 338 3971 ex
360 3911 566 3974 concessione
581 3913 630 3975 Pii
647 3916 703 3994 tx,
720 3917 761 3977 26
777 3911 968 3977 Novembris
984 3909 1082 3974 1847.

72 4001 151 4068 ldem
174 4001 355 4068 notandum
371 4015 418 4068 est
433 4025 491 4088 pro
505 4007 605 4068 Festis
618 4009 778 4072 inferioris
794 4007 885 4086 ritus,
904 4002 944 4068 de
964 4003 1084 4089 quibus

73 4096 320 4185 insequentibus
334 4099 561 4184 qnaestienibus
576 4104 695 4188 agitur.
