2806 4736
334 219 394 286 lli
425 253 429 258 =
747 231 917 278 oanrronrs

378 343 412 407 S.
429 340 636 428 Adjntorinm
652 345 795 402 nostrum
811 337 842 399 in
857 335 986 401 nomine
998 334 1139 400 Domini.

378 439 421 502 M.
438 437 500 520 Qui
513 435 590 501 lecit
603 435 718 499 eoelum
733 441 766 497 et
780 443 912 497 terram.

377 535 412 597 S.
429 532 590 596 Confiteor
613 532 681 595 Deo
706 526 929 613 omnipotenti,
959 527 1060 592 beata
1086 529 1193 595 Mariae
1214 550 1322 615 semper

335 628 473 714 Virgini,
491 627 586 690 beato
603 624 751 689 Michaeli
764 623 980 710 Archangelo,
992 624 1088 689 beato
1101 625 1217 690 loanni
1227 625 1323 710 Bapti-

335 733 402 803 stae,
419 723 535 787 sanetis
555 720 715 806 Apostolis
733 720 829 783 Petro
844 728 876 783 et
892 721 1005 802 Paulo,
1035 722 1183 786 omnibus
1205 721 1322 801 Sanctis,

336 828 368 882 et
382 817 474 883 vobis
488 817 620 880 iratres:
644 814 720 901 quia
734 813 863 898 peceavi
888 812 984 877 nimis
1006 815 1210 900 cogitatione,
1226 815 1323 892 verbo,

336 924 368 978 et
387 933 495 999 opere,
513 932 585 976 mea
601 909 707 994 eulpa,
735 928 807 971 mea
837 908 944 990 eulpa,
972 929 1045 972 mea
1071 909 1210 973 maxima
1233 909 1324 993 eulpa.

336 1005 413 1072 Ideo
430 1027 543 1091 precor
557 1005 684 1068 beatam
700 1003 832 1066 Mariam
849 1022 976 1086 semper
1001 1003 1181 1089 Virginem,
1212 1004 1328 1067 beatum

337 1101 525 1166 Michaelem
540 1099 794 1182 Archangelum,
818 1098 949 1162 beatum
972 1099 1130 1163 loannem
1154 1099 1325 1186 Baptistam,

335 1206 460 1260 sanctos
476 1194 645 1280 Apostolos
659 1194 791 1256 Petrum
807 1202 840 1255 et
853 1195 1002 1271 Paulum,
1026 1215 1137 1258 omnes
1153 1196 1287 1270 Sanetus,
1302 1201 1326 1255 et

249 1367 253 1372 Ι
337 1291 535 1366 nostratem,
551 1307 641 1352 oraro
663 1307 721 1395 pro
737 1307 788 1348 me
806 1284 846 1350 ad
862 1287 1036 1352 Dominum
1052 1289 1157 1352 Deum
1188 1297 1324 1351 nostrum
1381 1295 1382 1384 p

379 1386 422 1449 M.
437 1385 623 1450 Miserentur
636 1381 681 1445 tur
698 1380 900 1466 omnipotens
915 1384 1014 1463 Deus
1031 1394 1063 1448 et
1078 1382 1216 1448 dimissis
1229 1402 1327 1468 peeea
1381 1385 1382 1388 ’

336 1481 377 1544 tis
389 1480 463 1561 tuis,
476 1475 631 1565 perdueat
644 1486 675 1540 te
690 1473 842 1541 advitam
856 1487 1020 1544 aeternam.
1382 1471 1383 1544 l

383 1576 419 1638 S.
432 1574 549 1639 Amen.

381 1659 425 1734 Μ.
439 1668 599 1735 Confiteor
609 1669 677 1732 Deo
693 1675 755 1730 eto.
761 1667 914 1748 ,dicendo
929 1669 988 1732 tibi
1005 1680 1097 1756 pater
1111 1683 1139 1736 et
1153 1682 1183 1737 te
1198 1681 1290 1756 pater.

382 1766 416 1829 S.
434 1765 622 1829 Misereatur
636 1761 734 1842 vestri
746 1763 947 1848 omnipotens
962 1766 1060 1843 Deus,
1078 1776 1110 1831 et
1126 1759 1259 1830 dimissis
1269 1786 1328 1850 pec·
1383 1769 1384 1774 ’

338 1859 415 1924 eatis
431 1857 555 1936 vestris,
574 1835 800 1941 perducatvos
815 1857 856 1920 ad
872 1859 972 1924 vitam
985 1866 1151 1926 aeternam.

382 1955 427 2019 M.
444 1953 559 2018 limen.

383 2051 417 2114 S.
435 2045 684 2134 indulgentiam,
712 2045 958 2129 absolutionem,
982 2057 1013 2112 et
1027 2050 1245 2114 remissionem
1266 2069 1328 2135 pee·

339 2153 482 2209 catorum
499 2153 692 2219 nostrorum,
710 2141 830 2207 tribnat
847 2143 940 2206 ¹nobis
962 2145 1166 2230 omnipotens
1181 2156 1212 2210 et
1226 2142 1330 2208 miseri·

340 2259 411 2302 cors
425 2236 595 2301 Dominus.
781 2302 784 2308 ,
1386 2291 1387 2294 ,

384 2332 561 2418 namen
1019 2387 1037 2394 -

383 2430 418 2494 8.
431 2430 517 2492 Deus
535 2436 569 2490 tu
581 2445 755 2491 conversus
771 2424 948 2488 vivificabis
963 2445 1033 2489 nos.

383 2526 426 2589 M.
442 2525 480 2588 Et
496 2523 585 2608 plebs
601 2533 654 2586 tna
665 2521 825 2587 laetabitur
838 2522 870 2585 in
885 2532 929 2585 te.

281 2674 284 2680 ,
383 2621 416 2684 S.
436 2617 576 2683 Ostende
591 2617 695 2694 nobis,
712 2615 860 2698 Domine,
874 2613 1131 2682 misericordiam
1148 2629 1246 2684 tuam.

383 2716 427 2779 M.
445 2715 482 2779 Et
496 2715 633 2776 salutare
646 2722 736 2777 tunm
752 2709 793 2775 da
809 2713 914 2776 nobis.

285 2869 287 2873 .
383 2809 418 2871 S.
436 2807 583 2884 Domine,
601 2804 716 2869 exaudi
733 2805 909 2870 orationem
927 2825 1043 2869 meam.

384 2905 428 2968 M.
441 2901 480 2967 Et
495 2903 615 2965 clamor
627 2922 717 2964 mous
730 2899 770 2964 ad
789 2911 818 2965 te
828 2902 947 2967 veniat.

352 3067 356 3076 ,
383 3001 418 3063 S.
434 2997 588 3060 Dominus
604 2997 783 3060 vobiscum.

385 3089 774 3174 M.Etoumspiritutuo.
827 3089 829 3094 ’

385 3180 438 3244 ll.
452 3179 485 3242 S.
504 3176 651 3240 Oremus.
684 3176 825 3243 Aniena
854 3180 959 3259 nobis,
988 3202 1171 3268 quesumus
1196 3183 1330 3292 Domine,

340 3275 524 3362 iniquitates
540 3281 681 3335 nostras.
716 3282 752 3336 nt
766 3272 806 3336 ad
823 3275 940 3340 Sancta
970 3287 1154 3342 sanctorum
1175 3279 1260 3365 puris
1274 3298 1333 3340 me-

340 3390 468 3436 reamur
483 3364 670 3430 mentibus
662 3368 795 3430 introire
829 3371 892 3434 Per
908 3370 1070 3437 Christum
1086 3373 1255 3438 Dominum
1283 3392 1332 3434 no·

338 3478 451 3530 strum.
469 3462 586 3527 Amen.

384 3562 418 3625 8.
433 3559 569 3622 Oramus
583 3567 625 3639 te,
642 3557 790 3639 Domine,
806 3561 992 3644 permerito
1009 3566 1199 3629 Sanctorum
1209 3574 1331 3638 tuorum,

340 3675 477 3742 quorum
493 3652 636 3743 reliquiae
651 3654 705 3719 hie
716 3666 801 3738 sunt,
819 3664 850 3719 et
864 3657 1009 3724 omnium
1022 3661 1231 3724 Sanctorum:
1247 3665 1279 3719 ut
1292 3654 1332 3716 in-

340 3748 474 3835 dulgere
490 3744 633 3832 digneris
649 3751 755 3813 omnia
772 3762 902 3835 peecata
916 3773 1001 3817 mea.
1015 3753 1131 3817 Amen.

384 3844 439 3907 te.
456 3841 500 3903 M.
517 3839 572 3902 Ad
585 3839 821 3906 benedictionem
838 3847 964 3911 nicensi.
983 3845 1172 3910 Benedicite
1194 3847 1283 3908 Pater
1295 3860 1335 3903 re·

341 3933 498 3999 verende.
603 3999 608 4003 .

384 4031 418 4093 8.
435 4028 551 4092 Abillo
575 4028 790 4118 benedicaris,
817 4033 850 4095 in
870 4032 963 4120 eujus
990 4037 1113 4099 honore
1144 4030 1333 4099 cremaberis.

330 4123 457 4191 -Αιιιιιι,
