2806 4736
344 191 384 253 94
664 229 670 240 ·
755 199 946 262 ouns'rrouss

344 312 478 380 solemni
492 313 575 399 (haee
591 315 691 397 enim,
705 314 829 379 etiamsi
846 314 886 378 sit
901 311 1027 397 Duplex
1044 311 1077 375 2.
1095 311 1152 394 el„
1169 309 1294 396 respuit
1307 319 1353 374 ta·

344 429 419 473 men
442 407 603 494 Simplicis
629 408 986 488 commemorationem,
1015 424 1090 496 qum
1111 415 1240 470 tantum
1267 403 1302 467 tit
1325 404 1354 466 in

346 497 446 567 Missis
461 497 735 591 priuatis'(qusest.
761 502 853 589 162);
882 524 941 588 per
952 501 1105 566 unionem
1117 497 1351 565 autem'utrius·

344 617 408 684 que
432 594 603 676 Orationis,
631 620 697 665 uno
710 608 835 665 tantum
854 618 923 662 esse
945 605 1106 686 censetur.
1134 584 1258 685 Quodsi
1279 615 1308 659 r.
1323 613 1349 679 g.
1396 546 1397 638 i

343 689 473 754 Festum
487 689 503 754 1
532 693 584 755 vel
605 687 625 756 2
641 687 682 760 el'.
698 685 794 758 ead'at
819 691 855 756 in
879 683 1059 767 Dominiea,
1075 687 1170 775 eujus
1185 678 1350 776 numquam

344 784 502 848 omittitur
522 783 802 866 Commemoratio,
833 791 935 873 quum
950 786 1024 846 ¹uon
1047 775 1187 867 amplius
1215 779 1351 844 subsistat

330 877 532 944 'Orationum
552 875 772 946 uniendarurn
798 879 891 960 ratio,
911 878 1051 943 Colleeta
1076 871 1276 940 sanctissimi
1303 873 1353 936 Sa·

344 973 499 1039 eramenti
510 974 625 1040 ultimo
640 971 804 1058 recitanda
816 973 909 1052 roso,
925 969 987 1036 sub
1000 971 1127 1034 'altera'
1138 965 1353 1034 terminabitur
1396 951 1397 1006 i

344 1068 560 1150 conclusione,
577 1070 672 1155 juxta
686 1067 833 1157 regulam
855 1066 1053 1161 generalem.
1266 1059 1270 1064 ’
1396 1059 1397 1062 ’

388 1164 507 1258 Quaest.
521 1163 595 1239 174'.
620 1176 754 1255 Accidit,
768 1161 856 1238 eu'm'
864 1159 970 1258 plures
979 1156 1134 1258 ,diruatur
1149 1167 1312 1254 ,Orationes
1325 1167 1352 1228 ia

344 1269 452 1358 Misso,
466 1279 501 1334 ut
511 1291 573 1356 une
590 1257 700 1335 Oratio
716 1274 758 1335 sit
772 1256 874 1358 eedem
891 1265 1049 1344 eumelio,
1067 1263 1146 1353 quid
1161 1273 1233 1326 tune
1245 1262 1351 1356 sorien-

346 1364 419 1428 dum
428 1363 518 1449 jubet
533 1364 667 1429 Rubriae
686 1367 748 1430 Tit.
765 1364 841 1443 VII,
860 1384 894 1428 n.
913 1359 981 1426 8?·
1025 1354 1028 1362 ’
1144 1363 1146 1366 ’
1176 1363 1179 1398 ³

387 1472 429 1536 R.
455 1470 564 1535 Oratio
588 1472 747 1558 posterius
768 1468 919 1553 dicenda,
940 1469 997 1546 illa
1019 1468 1141 1543 scilieet
1155 1483 1228 1553 quse
1250 1461 1351 1529 eadem

346 1574 404 1646 est,
422 1567 611 1642 commutari
638 1566 736 1631 debet
751 1563 823 1631 rum
840 1557 960 1629 eliade
976 1561 1144 1638 Communi
1158 1562 1212 1625 vel
1225 1559 1353 1642 Proprie

346 1679 416 1745 quae
431 1659 472 1723 sit
486 1653 627 1742 diversa,
644 1661 797 1750 idemque
813 1658 1014 1738 ,sumendum
1044 1668 1094 1732 est¹
1113 1659 1145 1721 in
1162 1647 1298 1723 Se'erstis
1325 1661 1353 1714 et

332 1751 713 1839 ,Postoommunionib‘uu
730 1775 805 1821 casu
816 1745 1070 1840 quo'r'espective
1082 1751 1146 1818 sint
1158 1746 1352 1816 eaedemux-

346 1849 451 1932 empta
475 1847 595 1932 prebet
606 1847 731 1913 Missale
746 1849 841 1912 simul
856 1844 1029 1911 indicando
1045 1839 1209 1934 quomodo
1220 1859 1353 1906 commu·
1397 1903 1398 1922 ,

346 1940 450 2020 tanda}
466 1941 530 2006 sint
554 1941 737 2022 Orationes,
768 1941 979 2030 sequentibus
1010 1934 1043 2004 in
1071 1940 1171 2010 locist
1198 1934 1352 2002 Dominira
1397 1925 1398 2014 i

346 2033 596 2124 septuagesimae
609 2060 667 2124 pro
680 2039 810 2103 Secreta
821 2048 958 2116 tantum,
972 2036 1026 2100 die
1037 2036 1079 2100 at
1093 2035 1173 2104 Julii
1187 2052 1246 2118 ,pro
1260 2029 1352 2115 prima
1397 2015 1398 2094 i

346 2126 511 2213 Oratione,
528 2131 560 2214 in
575 2132 668 2196 Festo
681 2133 718 2212 S,
726 2131 867 2214 Martini,
881 2131 918 2195 11
933 2128 1124 2196 Novembris
1145 2149 1204 2215 pru
1220 2127 1350 2204 Secreta,

347 2223 380 2284 in
396 2221 564 2287 Communi
579 2224 797 2314 Dedicationis
810 2223 959 2290 Ecclesiae
974 2247 1032 2310 pro
1047 2222 1197 2288 omnibns
1208 2215 1356 2298 Orationi·

347 2317 420 2382 bus.
1089 2313 1090 2316 ’
1274 2309 1276 2316 ’
1332 2335 1333 2340 ’

331 2425 335 2431 ’
391 2425 603 2493 Commutatio
620 2429 675 2498 illa
690 2417 787 2493 etiam
799 2429 907 2494 locum
921 2426 1021 2492 habet
1033 2424 1066 2487 in
1079 2419 1283 2490 Orationibus
1303 2438 1356 2484 ro·

349 2521 432 2604 tivis,
451 2523 496 2587 sie
508 2521 640 2609 'quando
660 2513 770 2588 Oratio
787 2523 942 2608 imperata
966 2543 1024 2607 pro
1039 2537 1242 2606 quacumque
1257 2533 1356 2578 neees-

348 2617 440 2680 sitate
456 2620 540 2688 Deus
557 2619 727 2706 resumam,
752 2618 869 2682 mutari
882 2615 996 2698 debet,
1036 2613 1174 2682 sumitur
1189 2609 1291 2674 Oratio
1315 2608 1356 2670 Ne

348 2708 497 2798 despicies
521 2734 578 2798 pro
590 2733 794 2798 quacumque
807 2711 1024 2790 tribulatione,
1041 2728 1112 2795 quee
1128 2707 1163 2794 in
1178 2703 1290 2769 Missali
1305 2701 1355 2764 im·

350 2799 488 2878 mediate
500 2806 720 2894 subsequitur.
733 2805 804 2873 Hoc¹
818 2814 926 2880 autem
941 2805 1049 2875 iocum
1066 2799 1165 2888 babet
1186 2817 1246 2884 pro
1272 2795 1356 2858 Post·

331 2895 574 2982 ¹communione
591 2899 691 2964 Feri'ae
706 2900 752 2968 VI
769 2899 915 2982 Quatuor
931 2895 1354 2986 TemporumsPentecostes.

349 2991 427 3056 item
440 2995 476 3057 in
492 2996 585 3060 Festo
601 2997 636 3061 S.
655 2996 784 3060 Martini
798 3017 856 3082 pro
872 2982 1014 3075 Secreta,
1032 3002 1064 3056 et
1079 2989 1246 3058 Dominira
1271 2982 1355 3048 xxu
1398 2979 1399 3010 ¹

349 3095 421 3170 post
435 3089 644 3154 Pentecosten
661 3113 719 3176 pro
732 3091 882 3158 omnibus
896 3086 1126 3172 Orationibus

329 3269 335 3278 ,
393 3192 531 3276 Quando
553 3197 615 3262 elia
636 3198 749 3264 similis
765 3192 886 3263 *Oratio
910 3195 942 3259 iu
964 3193 1083 3260 Missali
1110 3193 1180 3258 non¹
1195 3189 1352 3265 habeatur,

343 3283 426 3354 tune
451 3291 561 3358 Oratio
586 3293 705 3360 Votiva
734 3289 876 3358 secunda
906 3290 1075 3356 omittitur.
1102 3287 1144 3355 V.
1174 3311 1206 3374 g.
1238 3279 1355 3371 quando

349 3384 458 3450 Oratio
470 3387 625 3474 imperata
641 3410 699 3473 pro
711 3389 808 3473 Papa,
826 3389 909 3452 Deus
925 3389 1062 3451 omnium
1085 3382 1228 3470 fidelium
1245 3387 1355 3465 postor,

349 3478 486 3547 dicenda
501 3493 584 3548 esset
606 3482 707 3546 indie
724 3483 931 3549 anniversaro
950 3479 1199 3548 consecrationis
1221 3469 1358 3560 Episcopi

350 3596 414 3660 quo
440 3575 553 3642 eadem
584 3574 721 3642 dicenda
745 3589 792 3644 est
821 3577 942 3660 Oratio,
961 3589 1037 3643 tunc
1059 3574 1214 3639 recitatur
1230 3567 1359 3636 Collocta

351 3669 436 3734 Deus
453 3677 590 3737 omnium
606 3673 746 3758 fidelium
758 3686 867 3759 pastor
889 3695 948 3760 pro
973 3673 1130 3760 Episcopo
1160 3678 1192 3732 et
1214 3659 1362 3730 omittitur

334 3845 336 3850 Ι
352 3762 507 3850 imperata
525 3789 583 3852 pro
596 3769 696 3853 Paua.

397 3871 505 3952 Quaest
528 3875 603 3938 175.
627 3875 767 3940 Solemus
783 3887 826 3940 est
849 3879 930 3941 inter
955 3886 1113 3940 auctores:
1128 3873 1175 3936 De
1191 3865 1296 3934 eodem
1313 3861 1361 3926 bis

341 3985 418 4029 -non
432 3964 467 4030 fit
479 3968 512 4031 in
524 3967 637 4032 eadem
653 3971 747 4036 Missa
765 3993 774 4048 ;
800 3971 839 4035 du
854 3971 949 4056 hujus
973 3969 1087 4054 reuulsa
1109 3985 1240 4030 sensum.

340 4099 342 4104 ·
394 4060 436 4124 R.
463 4062 580 4126 Sensus
595 4065 741 4150 estquod
764 4067 796 4128 in
821 4063 932 4131 eadem
965 4066 1059 4129 Missa
1085 4083 1150 4126 non
1179 4056 1270 4144 possit
1292 4051 1360 4114 fieri
