2806 4736
386 265 417 306 ra
443 231 596 309 narniens
618 263 766 306 artesano.
1049 249 1092 312 97

77 369 192 451 appio
210 367 269 431 hac
294 369 376 432 sumi
394 388 456 431 non
488 367 607 453 poterit
636 386 743 451 neque
768 365 881 429 Oratio
911 363 953 430 de
977 369 1089 449 Beata,

78 481 179 546 noque
208 457 250 523 do
276 462 316 525 B.
333 461 467 546 ioseph,
484 481 590 548 neque
610 455 650 524 dc
665 460 732 523 BB.
750 457 912 544 Apostolis
936 461 1032 526 Petro
1059 473 1092 528 et

75 555 184 631 Paulo,
201 574 308 641 neque
332 552 373 617 do
388 556 521 619 Titulari
537 554 698 636 ccclesioe3
715 574 791 616 nam
812 554 929 617 borum
946 556 1089 621 omnium

75 647 193 710 mentio
200 645 272 732 jam
288 648 427 712 occurrit
440 647 474 710 in
489 648 643 712 Oratione
657 650 687 710 A
704 648 833 710 cunctis.

487 838 516 926 c)
530 837 677 904 Concede.

113 1034 235 1114 Qnast.
256 1032 330 1096 180.
352 1031 431 1111 Qua
446 1041 490 1094 est
505 1029 562 1094 illa
591 1029 702 1096 Oratio
721 1026 869 1094 Concede
885 1052 954 1116 qna
973 1034 1006 1095 in
1022 1035 1089 1097 Ra-

73 1127 161 1191 tricis
183 1125 328 1190 secundo
354 1126 402 1190 vel
422 1125 516 1188 tertio
544 1124 607 1187 loco
635 1123 764 1188 subinde
788 1122 917 1186 dicenda
938 1126 1089 1208 ponitur?

113 1223 154 1285 R.
172 1221 229 1284 Est
240 1219 350 1283 Oratio
364 1215 405 1281 de
421 1218 520 1281 Beata
537 1216 649 1298 Maria,
666 1237 737 1302 quae
750 1215 865 1300 incipit
882 1215 1017 1282 Concede
1033 1240 1088 1282 nor

70 1313 204 1400 famulos
221 1325 334 1400 ctqaoe
345 1314 485 1378 habetur
501 1313 534 1374 in
551 1309 699 1396 ejusdem
728 1310 830 1374 Missis
852 1310 991 1393 Votivis,
1009 1313 1087 1376 etin

72 1411 140 1474 aliis
153 1410 234 1472 locis
246 1409 381 1472 Missalis
396 1429 428 1472 v.
447 1429 480 1493 g.
496 1415 568 1491 post
593 1406 722 1468 Missam
737 1404 915 1469 Dominicoe
928 1405 960 1469 in
980 1405 1085 1488 Albis3

72 1513 258 1567 nouantem
273 1503 384 1568 Oratio
413 1500 549 1566 Concede
563 1521 752 1586 quesumus,
773 1497 815 1564 ad
831 1497 991 1585 poscenda
1018 1501 1087 1564 sui-

72 1598 171 1684 fragia
189 1597 395 1679 Sanctorum,
412 1617 528 1682 ncmpc
545 1596 631 1659 inter
646 1593 792 1659 divorsas
807 1595 848 1660 ad
871 1597 992 1661 calcem
1009 1595 1090 1660 Mis-

72 1694 143 1756 salis
155 1695 273 1779 posita.

353 1900 383 1982 o)
405 1900 549 1964 Ecclesia
560 1899 608 1964 uel
619 1921 677 1985 pro
692 1901 795 1982 Papa.

112 2106 234 2187 Quaest.
263 2105 338 2169 181.
368 2105 454 2183 Quid
479 2117 588 2170 notatu
618 2105 749 2190 dipnnm
775 2102 877 2190 quoad
903 2100 1084 2167 Orationem

73 2199 219 2264 Ecclesia
231 2200 282 2263 vei
298 2221 357 2285 pro
372 2198 480 2284 Papa?

111 2296 152 2358 R.
178 2291 318 2373 Quando
335 2296 489 2359 alterutra
505 2292 567 2358 dici
575 2293 723 2381 jubetur,
741 2294 894 2360 convenit
908 2303 944 2357 ut
952 2294 1084 2358 alternis

72 2387 196 2454 vicibus
208 2385 306 2452 modo
324 2389 403 2470 haec,
421 2387 519 2452 modo
535 2389 590 2452 illa
605 2390 745 2475 legatur,
757 2399 794 2453 ut
809 2396 897 2474 patct
909 2408 948 2449 ex
963 2387 1085 2450 Missali

72 2482 101 2544 in
111 2482 291 2546 Dominicis
301 2481 483 2547 Adventus,

112 2577 143 2640 Si
155 2577 242 2640 forte
254 2585 331 2640 tunc
342 2577 497 2660 temporis
509 2575 621 2640 Oratio
637 2576 794 2661 imperata
811 2584 894 2640 essct
908 2595 967 2660 pro
981 2575 1081 2659 Papa,

70 2693 139 2735 cum
163 2670 214 2735 bis
227 2669 341 2735 cadom
353 2669 418 2735 dici
433 2672 568 2736 vetitam
585 2673 626 2736 sit
640 2675 768 2759 (quaest.
788 2671 865 2756 175)
888 2691 1015 2755 semper
1031 2669 1082 2732 di-

70 2761 170 2829 canda
186 2766 436 2850 csset'utraquc,
448 2765 492 2828 ita
508 2774 619 2828 utnon
635 2773 744 2851 posset
756 2764 902 2830 satisfieri
922 2774 1081 2849 praeccpto

71 2859 219 2923 Robrica
235 2868 267 2922 et
281 2859 458 2944 superioris
471 2880 530 2944 per
541 2860 640 2923 solam
657 2858 842 2922 Orationem
858 2879 917 2943 pro
932 2858 1032 2944 Papa,
1049 2867 1082 2922 et

70 2953 250 3019 vice-versa
266 2953 291 3015 si
307 2953 418 3017 Oratio
434 2953 591 3037 imperata
604 2962 689 3016 esset
702 2952 856 3016 Ecclesia.

328 3158 361 3243 a)
374 3157 526 3222 Fidelimn
541 3167 568 3222 et
579 3178 638 3241 pro
654 3157 829 3242 Defunctis.

109 3367 232 3450 Quoest.
258 3364 332 3429 182.
356 3369 411 3426 An
437 3373 465 3425 et
490 3360 688 3448 quandonam
716 3365 749 3426 in
774 3364 872 3426 Missa
894 3361 971 3426 addi
997 3361 1082 3426 debet

69 3463 113 3527 od
127 3473 230 3547 potest
247 3457 381 3525 Colleeta
392 3479 451 3543 pro
465 3478 539 3540 nno,
556 3458 603 3521 vel
613 3456 772 3541 pluribus,
788 3457 837 3521 uel
857 3457 999 3521 omnibus
1022 3459 1079 3522 De-

68 3553 314 3714 luMMMJuxta
329 3645 435 3711 Rubr.
451 3646 513 3710 Tit.
530 3645 572 3728 V,
590 3649 653 3710 n.1
674 3657 706 3711 et
721 3648 754 3727 2,
771 3645 911 3710 Colleota
925 3645 1080 3710 Fidelium

68 3765 122 3827 pro
138 3743 292 3808 omnibus
306 3741 473 3806 Defunctis
488 3739 563 3805 addi
581 3739 680 3806 debet
696 3743 728 3805 in
752 3742 846 3806 Missa
873 3739 915 3805 de
938 3741 1003 3819 die,
1027 3743 1080 3807 vel

68 3837 195 3918 Votiva,
214 3837 364 3901 omnibus
380 3836 469 3900 soriis
484 3835 636 3901 secundis
651 3859 710 3923 per
732 3858 853 3902 annum
875 3829 980 3910 (extra
1002 3846 1080 3901 tem·

67 3954 123 4016 pus
139 3931 429 4018 Qrmdragosimale
441 3942 474 3996 et
486 3932 666 4011 Paschae),
680 3931 811 4019 quando
826 3932 974 3998 Officium
986 3932 1022 3996 fit
1038 3930 1079 3995 de

70 4029 232 4115 simplice,
246 4027 286 4092 dc
298 4030 403 4111 Faria,
419 4029 550 4093 Missam
562 4029 726 4115 propriam
739 4028 892 4110 habente,
910 4038 965 4092 aut
979 4048 1081 4115 quan·

69 4119 107 4187 do
122 4123 299 4188 resumitur
324 4124 419 4188 Missa
433 4124 611 4189 Dominicoe
627 4121 850 4211 precedentis.
870 4124 951 4186 Item
974 4123 1080 4209 (extra
