<?xml version="1.0" encoding="UTF-8"?>
<!DOCTYPE html PUBLIC "-//W3C//DTD XHTML 1.0 Transitional//EN"
    "http://www.w3.org/TR/xhtml1/DTD/xhtml1-transitional.dtd">
<html xmlns="http://www.w3.org/1999/xhtml" xml:lang="en" lang="en">
 <head>
  <title>
</title>
<meta http-equiv="Content-Type" content="text/html;charset=utf-8" />
  <meta name='ocr-system' content='tesseract 3.04.00' />
  <meta name='ocr-capabilities' content='ocr_page ocr_carea ocr_par ocr_line ocrx_word'/>
</head>
<body>
  <div class='ocr_page' id='page_1' title='image "./quaestionesinru00churgoog_0248.png"; bbox 0 0 2754 4740; ppageno 0'>
   <div class='ocr_carea' id='block_1_1' title="bbox 368 229 1082 289">
    <p class='ocr_par' dir='ltr' id='par_1_1' title="bbox 368 229 1082 289">
     <span class='ocr_line' id='line_1_1' title="bbox 368 229 1082 289; baseline 0.004 -3"><span class='ocrx_word' id='word_1_1' title='bbox 368 243 398 286; x_wconf 78' lang='lat' dir='ltr'><strong>ur</strong></span> <span class='ocrx_word' id='word_1_2' title='bbox 414 241 565 285; x_wconf 75' lang='lat' dir='ltr'><strong>unsarans</strong></span> <span class='ocrx_word' id='word_1_3' title='bbox 587 242 764 287; x_wconf 79' lang='lat' dir='ltr'><strong>rurrraau.</strong></span> <span class='ocrx_word' id='word_1_4' title='bbox 1039 229 1082 289; x_wconf 80' lang='lat'><strong>5⁷</strong></span> 
     </span>
    </p>
   </div>
   <div class='ocr_carea' id='block_1_2' title="bbox 55 344 1077 525">
    <p class='ocr_par' dir='ltr' id='par_1_2' title="bbox 55 344 1077 525">
     <span class='ocr_line' id='line_1_2' title="bbox 101 344 1077 432; baseline 0.005 -25"><span class='ocrx_word' id='word_1_5' title='bbox 101 348 138 408; x_wconf 93' lang='lat' dir='ltr'><strong>In</strong></span> <span class='ocrx_word' id='word_1_6' title='bbox 168 344 398 410; x_wconf 70' lang='lat' dir='ltr'><strong>concurrentia</strong></span> <span class='ocrx_word' id='word_1_7' title='bbox 422 365 499 432; x_wconf 91' lang='lat' dir='ltr'><strong>ergo</strong></span> <span class='ocrx_word' id='word_1_8' title='bbox 526 346 609 408; x_wconf 85' lang='lat' dir='ltr'><strong>Festi</strong></span> <span class='ocrx_word' id='word_1_9' title='bbox 633 346 666 408; x_wconf 91' lang='lat' dir='ltr'><strong>S.</strong></span> <span class='ocrx_word' id='word_1_10' title='bbox 686 345 818 409; x_wconf 78' lang='lat' dir='ltr'><strong>loannis</strong></span> <span class='ocrx_word' id='word_1_11' title='bbox 835 347 998 432; x_wconf 78' lang='lat' dir='ltr'><strong>Baptista,</strong></span> <span class='ocrx_word' id='word_1_12' title='bbox 1015 349 1077 412; x_wconf 92' lang='lat' dir='ltr'><strong>du-</strong></span> 
     </span>
     <span class='ocr_line' id='line_1_3' title="bbox 55 436 1076 525; baseline 0.004 -22"><span class='ocrx_word' id='word_1_13' title='bbox 55 441 152 524; x_wconf 91' lang='lat' dir='ltr'><strong>plicis</strong></span> <span class='ocrx_word' id='word_1_14' title='bbox 170 442 184 504; x_wconf 89' lang='lat' dir='ltr'><strong>l</strong></span> <span class='ocrx_word' id='word_1_15' title='bbox 207 442 248 504; x_wconf 89' lang='lat' dir='ltr'><strong>el.</strong></span> <span class='ocrx_word' id='word_1_16' title='bbox 267 450 298 504; x_wconf 91' lang='lat' dir='ltr'><strong>et</strong></span> <span class='ocrx_word' id='word_1_17' title='bbox 322 440 471 525; x_wconf 84' lang='lat' dir='ltr'>Corporis</span> <span class='ocrx_word' id='word_1_18' title='bbox 494 438 623 520; x_wconf 83' lang='lat' dir='ltr'>Christi,</span> <span class='ocrx_word' id='word_1_19' title='bbox 649 436 797 522; x_wconf 87' lang='lat' dir='ltr'><strong>ejusdem</strong></span> <span class='ocrx_word' id='word_1_20' title='bbox 811 439 891 503; x_wconf 92' lang='lat' dir='ltr'><strong>ritus</strong></span> <span class='ocrx_word' id='word_1_21' title='bbox 907 450 940 504; x_wconf 91' lang='lat' dir='ltr'><strong>et</strong></span> <span class='ocrx_word' id='word_1_22' title='bbox 955 441 1076 522; x_wconf 87' lang='lat' dir='ltr'><strong>elassis,</strong></span> 
     </span>
    </p>
   </div>
   <div class='ocr_carea' id='block_1_3' title="bbox 54 533 1210 4274">
    <p class='ocr_par' dir='ltr' id='par_1_3' title="bbox 56 533 1081 713">
     <span class='ocr_line' id='line_1_4' title="bbox 56 533 1081 621; baseline 0.003 -24"><span class='ocrx_word' id='word_1_23' title='bbox 56 555 133 597; x_wconf 92' lang='lat' dir='ltr'><strong>cum</strong></span> <span class='ocrx_word' id='word_1_24' title='bbox 158 545 331 621; x_wconf 87' lang='lat' dir='ltr'><strong>utrumque</strong></span> <span class='ocrx_word' id='word_1_25' title='bbox 346 536 474 598; x_wconf 81' lang='lat' dir='ltr'><strong>Festum</strong></span> <span class='ocrx_word' id='word_1_26' title='bbox 494 533 534 596; x_wconf 93' lang='lat' dir='ltr'><strong>sit</strong></span> <span class='ocrx_word' id='word_1_27' title='bbox 551 533 752 618; x_wconf 88' lang='lat' dir='ltr'><strong>primarium,</strong></span> <span class='ocrx_word' id='word_1_28' title='bbox 776 533 992 618; x_wconf 89' lang='lat' dir='ltr'><strong>praeferuntur</strong></span> <span class='ocrx_word' id='word_1_29' title='bbox 1013 537 1081 603; x_wconf 86' lang='lat' dir='ltr'><strong>Ve-</strong></span> 
     </span>
     <span class='ocr_line' id='line_1_5' title="bbox 56 625 1023 713; baseline 0.001 -23"><span class='ocrx_word' id='word_1_30' title='bbox 56 649 161 712; x_wconf 83' lang='lat' dir='ltr'><strong>sperae</strong></span> <span class='ocrx_word' id='word_1_31' title='bbox 176 630 262 692; x_wconf 84' lang='lat' dir='ltr'><strong>Festi</strong></span> <span class='ocrx_word' id='word_1_32' title='bbox 291 628 440 713; x_wconf 80' lang='lat' dir='ltr'>Corporis</span> <span class='ocrx_word' id='word_1_33' title='bbox 455 626 584 707; x_wconf 89' lang='lat' dir='ltr'><strong>Christi,</strong></span> <span class='ocrx_word' id='word_1_34' title='bbox 597 637 761 712; x_wconf 87' lang='lat' dir='ltr'><strong>tamquam</strong></span> <span class='ocrx_word' id='word_1_35' title='bbox 778 625 945 713; x_wconf 73' lang='lat' dir='ltr'><strong>dignioris.</strong></span> <span class='ocrx_word' id='word_1_36' title='bbox 1018 668 1023 673; x_wconf 95' lang='lat'><em>-</em></span> 
     </span>
    </p>

    <p class='ocr_par' dir='ltr' id='par_1_4' title="bbox 59 720 1079 896">
     <span class='ocr_line' id='line_1_6' title="bbox 103 720 1079 813; baseline 0.008 -29"><span class='ocrx_word' id='word_1_37' title='bbox 103 720 219 802; x_wconf 84' lang='lat' dir='ltr'><strong>Quoad</strong></span> <span class='ocrx_word' id='word_1_38' title='bbox 229 723 308 786; x_wconf 89' lang='lat' dir='ltr'><strong>alios</strong></span> <span class='ocrx_word' id='word_1_39' title='bbox 319 743 422 800; x_wconf 85' lang='lat' dir='ltr'><strong>casus,</strong></span> <span class='ocrx_word' id='word_1_40' title='bbox 437 722 645 785; x_wconf 77' lang='lat' dir='ltr'>consulantur</span> <span class='ocrx_word' id='word_1_41' title='bbox 657 729 814 784; x_wconf 76' lang='lat' dir='ltr'><strong>auctores.</strong></span> <span class='ocrx_word' id='word_1_42' title='bbox 826 721 891 813; x_wconf 86' lang='lat' dir='ltr'><strong>Clr.</strong></span> <span class='ocrx_word' id='word_1_43' title='bbox 905 723 953 788; x_wconf 90' lang='lat' dir='ltr'><strong>De</strong></span> <span class='ocrx_word' id='word_1_44' title='bbox 965 725 1079 807; x_wconf 87' lang='lat' dir='ltr'><strong>Herdt,</strong></span> 
     </span>
     <span class='ocr_line' id='line_1_7' title="bbox 59 818 346 896; baseline 0.003 -17"><span class='ocrx_word' id='word_1_45' title='bbox 59 818 150 881; x_wconf 88' lang='lat' dir='ltr'><strong>Part.</strong></span> <span class='ocrx_word' id='word_1_46' title='bbox 168 819 225 896; x_wconf 86' lang='lat' dir='ltr'><strong>lv,</strong></span> <span class='ocrx_word' id='word_1_47' title='bbox 243 840 276 881; x_wconf 90' lang='lat' dir='ltr'><strong>u.</strong></span> <span class='ocrx_word' id='word_1_48' title='bbox 291 818 346 881; x_wconf 67' lang='lat' dir='ltr'><strong>dl.</strong></span> 
     </span>
    </p>

    <p class='ocr_par' dir='ltr' id='par_1_5' title="bbox 56 907 1131 1467">
     <span class='ocr_line' id='line_1_8' title="bbox 103 907 1082 997; baseline 0.007 -24"><span class='ocrx_word' id='word_1_49' title='bbox 103 911 251 975; x_wconf 86' lang='lat' dir='ltr'><strong>Secunda</strong></span> <span class='ocrx_word' id='word_1_50' title='bbox 262 914 407 997; x_wconf 75' lang='lat' dir='ltr'><strong>exceptio</strong></span> <span class='ocrx_word' id='word_1_51' title='bbox 419 910 560 996; x_wconf 77' lang='lat' dir='ltr'><strong>pertinet</strong></span> <span class='ocrx_word' id='word_1_52' title='bbox 571 907 613 973; x_wconf 89' lang='lat' dir='ltr'><strong>ad</strong></span> <span class='ocrx_word' id='word_1_53' title='bbox 628 909 823 992; x_wconf 86' lang='lat' dir='ltr'><strong>Dominicas,</strong></span> <span class='ocrx_word' id='word_1_54' title='bbox 835 931 917 996; x_wconf 86' lang='lat' dir='ltr'><strong>quoe,</strong></span> <span class='ocrx_word' id='word_1_55' title='bbox 931 914 1007 978; x_wconf 90' lang='lat' dir='ltr'><strong>licet</strong></span> <span class='ocrx_word' id='word_1_56' title='bbox 1019 919 1082 980; x_wconf 88' lang='lat' dir='ltr'><strong>sint</strong></span> 
     </span>
     <span class='ocr_line' id='line_1_9' title="bbox 57 1002 1082 1094; baseline 0.006 -26"><span class='ocrx_word' id='word_1_57' title='bbox 57 1007 140 1069; x_wconf 90' lang='lat' dir='ltr'><strong>ritus</strong></span> <span class='ocrx_word' id='word_1_58' title='bbox 149 1005 460 1093; x_wconf 81' lang='lat' dir='ltr'><strong>Semiduplieis,non</strong></span> <span class='ocrx_word' id='word_1_59' title='bbox 474 1017 581 1070; x_wconf 88' lang='lat' dir='ltr'><strong>tamen</strong></span> <span class='ocrx_word' id='word_1_60' title='bbox 593 1002 745 1068; x_wconf 86' lang='lat' dir='ltr'><strong>dividunt</strong></span> <span class='ocrx_word' id='word_1_61' title='bbox 757 1002 1082 1094; x_wconf 85' lang='lat' dir='ltr'><strong>secundasVesperas</strong></span> 
     </span>
     <span class='ocr_line' id='line_1_10' title="bbox 56 1096 1131 1188; baseline 0.006 -24"><span class='ocrx_word' id='word_1_62' title='bbox 56 1122 132 1164; x_wconf 91' lang='lat' dir='ltr'><strong>cum</strong></span> <span class='ocrx_word' id='word_1_63' title='bbox 148 1104 295 1188; x_wconf 87' lang='lat' dir='ltr'><strong>sequenti</strong></span> <span class='ocrx_word' id='word_1_64' title='bbox 311 1103 403 1183; x_wconf 78' lang='lat' dir='ltr'><strong>Festo</strong></span> <span class='ocrx_word' id='word_1_65' title='bbox 420 1098 642 1184; x_wconf 88' lang='lat' dir='ltr'><strong>Semiduplici,</strong></span> <span class='ocrx_word' id='word_1_66' title='bbox 657 1120 717 1163; x_wconf 89' lang='lat' dir='ltr'><strong>nec</strong></span> <span class='ocrx_word' id='word_1_67' title='bbox 733 1120 806 1162; x_wconf 91' lang='lat' dir='ltr'><strong>cum</strong></span> <span class='ocrx_word' id='word_1_68' title='bbox 823 1096 878 1182; x_wconf 88' lang='lat' dir='ltr'><strong>die</strong></span> <span class='ocrx_word' id='word_1_69' title='bbox 888 1101 969 1166; x_wconf 89' lang='lat' dir='ltr'><strong>inlra</strong></span> <span class='ocrx_word' id='word_1_70' title='bbox 986 1103 1080 1169; x_wconf 88' lang='lat' dir='ltr'><strong>Octa·</strong></span> <span class='ocrx_word' id='word_1_71' title='bbox 1129 1127 1131 1132; x_wconf 89' lang='lat'>·</span> 
     </span>
     <span class='ocr_line' id='line_1_11' title="bbox 57 1194 1080 1283; baseline 0.005 -24"><span class='ocrx_word' id='word_1_72' title='bbox 57 1217 145 1276; x_wconf 81' lang='lat' dir='ltr'><strong>vam,</strong></span> <span class='ocrx_word' id='word_1_73' title='bbox 166 1194 234 1276; x_wconf 89' lang='lat' dir='ltr'><strong>scd,</strong></span> <span class='ocrx_word' id='word_1_74' title='bbox 254 1207 417 1283; x_wconf 88' lang='lat' dir='ltr'><strong>tamquam</strong></span> <span class='ocrx_word' id='word_1_75' title='bbox 445 1194 514 1258; x_wconf 90' lang='lat' dir='ltr'><strong>dies</strong></span> <span class='ocrx_word' id='word_1_76' title='bbox 535 1194 675 1272; x_wconf 90' lang='lat' dir='ltr'><strong>Domini,</strong></span> <span class='ocrx_word' id='word_1_77' title='bbox 693 1195 834 1280; x_wconf 89' lang='lat' dir='ltr'><strong>integras</strong></span> <span class='ocrx_word' id='word_1_78' title='bbox 855 1195 925 1260; x_wconf 93' lang='lat' dir='ltr'><strong>illas</strong></span> <span class='ocrx_word' id='word_1_79' title='bbox 945 1199 1080 1264; x_wconf 87' lang='lat' dir='ltr'><strong>habent.</strong></span> 
     </span>
     <span class='ocr_line' id='line_1_12' title="bbox 61 1286 1079 1376; baseline 0.005 -24"><span class='ocrx_word' id='word_1_80' title='bbox 61 1287 161 1352; x_wconf 83' lang='lat' dir='ltr'><strong>Aliud</strong></span> <span class='ocrx_word' id='word_1_81' title='bbox 185 1287 357 1354; x_wconf 91' lang='lat' dir='ltr'><strong>dicendum</strong></span> <span class='ocrx_word' id='word_1_82' title='bbox 377 1299 425 1353; x_wconf 88' lang='lat' dir='ltr'><strong>est</strong></span> <span class='ocrx_word' id='word_1_83' title='bbox 439 1286 480 1351; x_wconf 90' lang='lat' dir='ltr'><strong>de</strong></span> <span class='ocrx_word' id='word_1_84' title='bbox 497 1288 608 1373; x_wconf 89' lang='lat' dir='ltr'><strong>primis</strong></span> <span class='ocrx_word' id='word_1_85' title='bbox 622 1287 773 1373; x_wconf 89' lang='lat' dir='ltr'><strong>Vesperis</strong></span> <span class='ocrx_word' id='word_1_86' title='bbox 788 1309 859 1372; x_wconf 73' lang='lat' dir='ltr'><strong>quae</strong></span> <span class='ocrx_word' id='word_1_87' title='bbox 875 1287 1079 1376; x_wconf 89' lang='lat' dir='ltr'><strong>dividuntur,</strong></span> 
     </span>
     <span class='ocr_line' id='line_1_13' title="bbox 58 1380 830 1467; baseline 0.004 -24"><span class='ocrx_word' id='word_1_88' title='bbox 58 1403 133 1444; x_wconf 89' lang='lat' dir='ltr'><strong>cum</strong></span> <span class='ocrx_word' id='word_1_89' title='bbox 159 1381 352 1466; x_wconf 85' lang='lat' dir='ltr'><strong>praecedenti</strong></span> <span class='ocrx_word' id='word_1_90' title='bbox 370 1382 425 1446; x_wconf 86' lang='lat' dir='ltr'><strong>tali</strong></span> <span class='ocrx_word' id='word_1_91' title='bbox 441 1380 553 1445; x_wconf 88' lang='lat' dir='ltr'><strong>Officio</strong></span> <span class='ocrx_word' id='word_1_92' title='bbox 569 1381 644 1466; x_wconf 82' lang='lat' dir='ltr'><strong>(Tit.</strong></span> <span class='ocrx_word' id='word_1_93' title='bbox 658 1381 715 1460; x_wconf 85' lang='lat' dir='ltr'><strong>XI,</strong></span> <span class='ocrx_word' id='word_1_94' title='bbox 730 1403 764 1444; x_wconf 91' lang='lat' dir='ltr'><strong>n.</strong></span> <span class='ocrx_word' id='word_1_95' title='bbox 783 1385 830 1467; x_wconf 84' lang='lat'><strong>5).</strong></span> 
     </span>
    </p>

    <p class='ocr_par' dir='ltr' id='par_1_6' title="bbox 56 1473 1080 2223">
     <span class='ocr_line' id='line_1_14' title="bbox 102 1473 1080 1563; baseline 0.011 -26"><span class='ocrx_word' id='word_1_96' title='bbox 102 1477 206 1539; x_wconf 85' lang='lat' dir='ltr'><strong>Tertia</strong></span> <span class='ocrx_word' id='word_1_97' title='bbox 226 1479 372 1563; x_wconf 83' lang='lat' dir='ltr'><strong>exceptio</strong></span> <span class='ocrx_word' id='word_1_98' title='bbox 387 1474 536 1541; x_wconf 83' lang='lat' dir='ltr'><strong>faciende</strong></span> <span class='ocrx_word' id='word_1_99' title='bbox 554 1485 602 1538; x_wconf 90' lang='lat' dir='ltr'><strong>cst</strong></span> <span class='ocrx_word' id='word_1_100' title='bbox 619 1496 678 1560; x_wconf 93' lang='lat' dir='ltr'><strong>pro</strong></span> <span class='ocrx_word' id='word_1_101' title='bbox 697 1473 811 1541; x_wconf 89' lang='lat' dir='ltr'><strong>dicbus</strong></span> <span class='ocrx_word' id='word_1_102' title='bbox 827 1478 956 1544; x_wconf 82' lang='lat' dir='ltr'><strong>Octavia</strong></span> <span class='ocrx_word' id='word_1_103' title='bbox 971 1482 1080 1547; x_wconf 87' lang='lat' dir='ltr'><strong>Festo-</strong></span> 
     </span>
     <span class='ocr_line' id='line_1_15' title="bbox 58 1569 1079 1662; baseline 0.011 -32"><span class='ocrx_word' id='word_1_104' title='bbox 58 1591 132 1632; x_wconf 91' lang='lat' dir='ltr'><strong>rum</strong></span> <span class='ocrx_word' id='word_1_105' title='bbox 147 1571 275 1635; x_wconf 86' lang='lat' dir='ltr'><strong>Domini</strong></span> <span class='ocrx_word' id='word_1_106' title='bbox 292 1582 324 1636; x_wconf 88' lang='lat' dir='ltr'><strong>et</strong></span> <span class='ocrx_word' id='word_1_107' title='bbox 338 1574 377 1635; x_wconf 90' lang='lat' dir='ltr'><strong>B.</strong></span> <span class='ocrx_word' id='word_1_108' title='bbox 396 1572 439 1634; x_wconf 90' lang='lat' dir='ltr'><strong>M.</strong></span> <span class='ocrx_word' id='word_1_109' title='bbox 461 1571 502 1637; x_wconf 88' lang='lat' dir='ltr'><strong>V.</strong></span> <span class='ocrx_word' id='word_1_110' title='bbox 522 1570 601 1633; x_wconf 87' lang='lat' dir='ltr'><strong>Ritu</strong></span> <span class='ocrx_word' id='word_1_111' title='bbox 621 1569 753 1654; x_wconf 87' lang='lat' dir='ltr'><strong>quidem</strong></span> <span class='ocrx_word' id='word_1_112' title='bbox 769 1572 897 1656; x_wconf 86' lang='lat' dir='ltr'><strong>Duplici</strong></span> <span class='ocrx_word' id='word_1_113' title='bbox 914 1578 1079 1662; x_wconf 79' lang='lat' dir='ltr'><strong>peragitur</strong></span> 
     </span>
     <span class='ocr_line' id='line_1_16' title="bbox 58 1661 1077 1746; baseline 0.012 -22"><span class='ocrx_word' id='word_1_114' title='bbox 58 1663 163 1725; x_wconf 90' lang='lat' dir='ltr'><strong>omnis</strong></span> <span class='ocrx_word' id='word_1_115' title='bbox 185 1663 304 1730; x_wconf 83' lang='lat' dir='ltr'><strong>Octava</strong></span> <span class='ocrx_word' id='word_1_116' title='bbox 330 1662 410 1746; x_wconf 90' lang='lat' dir='ltr'><strong>dies,</strong></span> <span class='ocrx_word' id='word_1_117' title='bbox 439 1662 648 1727; x_wconf 82' lang='lat' dir='ltr'><strong>nihilominus</strong></span> <span class='ocrx_word' id='word_1_118' title='bbox 671 1661 740 1727; x_wconf 89' lang='lat' dir='ltr'><strong>dies</strong></span> <span class='ocrx_word' id='word_1_119' title='bbox 767 1664 888 1731; x_wconf 87' lang='lat' dir='ltr'><strong>Octava</strong></span> <span class='ocrx_word' id='word_1_120' title='bbox 910 1668 1077 1736; x_wconf 80' lang='lat' dir='ltr'><strong>Fastorum</strong></span> 
     </span>
     <span class='ocr_line' id='line_1_17' title="bbox 57 1757 1076 1845; baseline 0.008 -25"><span class='ocrx_word' id='word_1_121' title='bbox 57 1759 188 1821; x_wconf 89' lang='lat' dir='ltr'><strong>Domini</strong></span> <span class='ocrx_word' id='word_1_122' title='bbox 211 1759 309 1824; x_wconf 87' lang='lat' dir='ltr'><strong>hahet</strong></span> <span class='ocrx_word' id='word_1_123' title='bbox 338 1770 490 1844; x_wconf 87' lang='lat' dir='ltr'><strong>utrasque</strong></span> <span class='ocrx_word' id='word_1_124' title='bbox 508 1758 665 1842; x_wconf 90' lang='lat' dir='ltr'><strong>Vesperas</strong></span> <span class='ocrx_word' id='word_1_125' title='bbox 691 1757 830 1845; x_wconf 89' lang='lat' dir='ltr'><strong>integras</strong></span> <span class='ocrx_word' id='word_1_126' title='bbox 857 1759 890 1821; x_wconf 91' lang='lat' dir='ltr'><strong>in</strong></span> <span class='ocrx_word' id='word_1_127' title='bbox 917 1782 1076 1827; x_wconf 81' lang='lat' dir='ltr'><strong>concursu</strong></span> 
     </span>
     <span class='ocr_line' id='line_1_18' title="bbox 56 1851 1078 1937; baseline 0.009 -24"><span class='ocrx_word' id='word_1_128' title='bbox 56 1851 203 1936; x_wconf 92' lang='lat' dir='ltr'><strong>Duplicis</strong></span> <span class='ocrx_word' id='word_1_129' title='bbox 229 1853 325 1918; x_wconf 89' lang='lat' dir='ltr'><strong>etiam</strong></span> <span class='ocrx_word' id='word_1_130' title='bbox 352 1853 499 1937; x_wconf 82' lang='lat' dir='ltr'><strong>majoris3</strong></span> <span class='ocrx_word' id='word_1_131' title='bbox 530 1872 589 1916; x_wconf 89' lang='lat' dir='ltr'><strong>nec</strong></span> <span class='ocrx_word' id='word_1_132' title='bbox 612 1851 784 1932; x_wconf 89' lang='lat' dir='ltr'><strong>immerito,</strong></span> <span class='ocrx_word' id='word_1_133' title='bbox 806 1852 848 1916; x_wconf 90' lang='lat' dir='ltr'><strong>ob</strong></span> <span class='ocrx_word' id='word_1_134' title='bbox 863 1858 1078 1922; x_wconf 88' lang='lat' dir='ltr'><strong>reverentiam</strong></span> 
     </span>
     <span class='ocr_line' id='line_1_19' title="bbox 57 1944 1078 2032; baseline 0.01 -26"><span class='ocrx_word' id='word_1_135' title='bbox 57 1944 155 2008; x_wconf 89' lang='lat' dir='ltr'><strong>tantis</strong></span> <span class='ocrx_word' id='word_1_136' title='bbox 177 1947 334 2030; x_wconf 77' lang='lat' dir='ltr'><strong>mysteriis</strong></span> <span class='ocrx_word' id='word_1_137' title='bbox 361 1967 425 2032; x_wconf 84' lang='lat' dir='ltr'><strong>prae</strong></span> <span class='ocrx_word' id='word_1_138' title='bbox 447 1947 518 2010; x_wconf 88' lang='lat' dir='ltr'><strong>aliis</strong></span> <span class='ocrx_word' id='word_1_139' title='bbox 546 1946 695 2010; x_wconf 88' lang='lat' dir='ltr'><strong>omnihus</strong></span> <span class='ocrx_word' id='word_1_140' title='bbox 725 1944 880 2012; x_wconf 87' lang='lat' dir='ltr'><strong>debitam.</strong></span> <span class='ocrx_word' id='word_1_141' title='bbox 905 1950 1007 2014; x_wconf 89' lang='lat' dir='ltr'><strong>Simili</strong></span> <span class='ocrx_word' id='word_1_142' title='bbox 1039 1975 1078 2017; x_wconf 86' lang='lat' dir='ltr'><strong>cx</strong></span> 
     </span>
     <span class='ocr_line' id='line_1_20' title="bbox 58 2039 1078 2130; baseline 0.009 -29"><span class='ocrx_word' id='word_1_143' title='bbox 58 2059 154 2102; x_wconf 87' lang='lat' dir='ltr'><strong>eausa</strong></span> <span class='ocrx_word' id='word_1_144' title='bbox 169 2039 238 2102; x_wconf 90' lang='lat' dir='ltr'><strong>dies</strong></span> <span class='ocrx_word' id='word_1_145' title='bbox 250 2040 371 2107; x_wconf 82' lang='lat' dir='ltr'><strong>Octava</strong></span> <span class='ocrx_word' id='word_1_146' title='bbox 382 2042 549 2105; x_wconf 82' lang='lat' dir='ltr'><strong>Fastorum</strong></span> <span class='ocrx_word' id='word_1_147' title='bbox 560 2042 600 2104; x_wconf 88' lang='grc' dir='ltr'><strong>Β.</strong></span> <span class='ocrx_word' id='word_1_148' title='bbox 615 2041 654 2103; x_wconf 92' lang='grc' dir='ltr'><strong>Μ.</strong></span> <span class='ocrx_word' id='word_1_149' title='bbox 675 2041 714 2105; x_wconf 86' lang='lat' dir='ltr'><strong>V.</strong></span> <span class='ocrx_word' id='word_1_150' title='bbox 727 2040 826 2105; x_wconf 89' lang='lat' dir='ltr'><strong>habet</strong></span> <span class='ocrx_word' id='word_1_151' title='bbox 837 2052 989 2130; x_wconf 86' lang='lat' dir='ltr'><strong>utrasque</strong></span> <span class='ocrx_word' id='word_1_152' title='bbox 1001 2047 1078 2112; x_wconf 86' lang='lat' dir='ltr'><strong>Ves-</strong></span> 
     </span>
     <span class='ocr_line' id='line_1_21' title="bbox 59 2136 854 2223; baseline 0.008 -27"><span class='ocrx_word' id='word_1_153' title='bbox 59 2155 153 2218; x_wconf 89' lang='lat' dir='ltr'><strong>pcras</strong></span> <span class='ocrx_word' id='word_1_154' title='bbox 170 2137 309 2223; x_wconf 90' lang='lat' dir='ltr'><strong>integras</strong></span> <span class='ocrx_word' id='word_1_155' title='bbox 329 2137 361 2200; x_wconf 92' lang='lat' dir='ltr'><strong>in</strong></span> <span class='ocrx_word' id='word_1_156' title='bbox 374 2158 531 2203; x_wconf 90' lang='lat' dir='ltr'><strong>concursu</strong></span> <span class='ocrx_word' id='word_1_157' title='bbox 547 2136 691 2221; x_wconf 91' lang='lat' dir='ltr'><strong>Duplicis</strong></span> <span class='ocrx_word' id='word_1_158' title='bbox 707 2136 854 2202; x_wconf 88' lang='lat' dir='ltr'><strong>minoris.</strong></span> 
     </span>
    </p>

    <p class='ocr_par' dir='ltr' id='par_1_7' title="bbox 56 2230 1077 2596">
     <span class='ocr_line' id='line_1_22' title="bbox 105 2230 1077 2321; baseline 0.009 -29"><span class='ocrx_word' id='word_1_159' title='bbox 105 2230 225 2310; x_wconf 87' lang='lat' dir='ltr'><strong>Quaest.</strong></span> <span class='ocrx_word' id='word_1_160' title='bbox 241 2232 295 2294; x_wconf 84' lang='grc'><strong>65.</strong></span> <span class='ocrx_word' id='word_1_161' title='bbox 312 2233 411 2296; x_wconf 83' lang='lat' dir='ltr'><strong>Jaata</strong></span> <span class='ocrx_word' id='word_1_162' title='bbox 430 2235 568 2315; x_wconf 74' lang='lat' dir='ltr'><strong>prienam</strong></span> <span class='ocrx_word' id='word_1_163' title='bbox 584 2231 735 2317; x_wconf 77' lang='lat' dir='ltr'><strong>rapulam,</strong></span> <span class='ocrx_word' id='word_1_164' title='bbox 754 2233 828 2296; x_wconf 88' lang='lat' dir='ltr'><strong>dnm</strong></span> <span class='ocrx_word' id='word_1_165' title='bbox 846 2234 880 2297; x_wconf 88' lang='lat' dir='ltr'><em>V</em></span> <span class='ocrx_word' id='word_1_166' title='bbox 879 2256 990 2321; x_wconf 81' lang='lat' dir='ltr'><strong>aspere</strong></span> <span class='ocrx_word' id='word_1_167' title='bbox 1004 2251 1077 2301; x_wconf 84' lang='lat' dir='ltr'><strong>sant</strong></span> 
     </span>
     <span class='ocr_line' id='line_1_23' title="bbox 58 2325 1073 2412; baseline 0.012 -28"><span class='ocrx_word' id='word_1_168' title='bbox 58 2325 94 2386; x_wconf 81' lang='lat' dir='ltr'><strong>de</strong></span> <span class='ocrx_word' id='word_1_169' title='bbox 115 2329 244 2408; x_wconf 84' lang='lat' dir='ltr'><strong>majore,</strong></span> <span class='ocrx_word' id='word_1_170' title='bbox 263 2326 301 2409; x_wconf 81' lang='lat' dir='ltr'><strong>fit</strong></span> <span class='ocrx_word' id='word_1_171' title='bbox 326 2326 450 2411; x_wconf 83' lang='lat' dir='ltr'><strong>quidem</strong></span> <span class='ocrx_word' id='word_1_172' title='bbox 466 2327 624 2390; x_wconf 81' lang='lat' dir='ltr'><strong>ordinarie</strong></span> <span class='ocrx_word' id='word_1_173' title='bbox 652 2325 907 2392; x_wconf 79' lang='lat' dir='ltr'><strong>Commemoratis</strong></span> <span class='ocrx_word' id='word_1_174' title='bbox 933 2334 1073 2412; x_wconf 82' lang='lat' dir='ltr'><strong>minoris,</strong></span> 
     </span>
     <span class='ocr_line' id='line_1_24' title="bbox 56 2417 1077 2505; baseline 0.007 -25"><span class='ocrx_word' id='word_1_175' title='bbox 56 2417 112 2481; x_wconf 84' lang='lat' dir='ltr'><strong>sed</strong></span> <span class='ocrx_word' id='word_1_176' title='bbox 126 2417 307 2502; x_wconf 79' lang='lat' dir='ltr'><strong>aliqnando,</strong></span> <span class='ocrx_word' id='word_1_177' title='bbox 321 2421 354 2484; x_wconf 81' lang='lat' dir='ltr'><strong>id</strong></span> <span class='ocrx_word' id='word_1_178' title='bbox 363 2424 500 2505; x_wconf 67' lang='lat' dir='ltr'><strong>erigente</strong></span> <span class='ocrx_word' id='word_1_179' title='bbox 518 2422 669 2505; x_wconf 71' lang='lat' dir='ltr'><strong>dignitate</strong></span> <span class='ocrx_word' id='word_1_180' title='bbox 691 2424 835 2502; x_wconf 82' lang='lat' dir='ltr'><strong>majoris,</strong></span> <span class='ocrx_word' id='word_1_181' title='bbox 854 2445 889 2486; x_wconf 86' lang='lat' dir='ltr'><strong>aa</strong></span> <span class='ocrx_word' id='word_1_182' title='bbox 904 2427 1077 2502; x_wconf 81' lang='lat' dir='ltr'><strong>amittitnr;</strong></span> 
     </span>
     <span class='ocr_line' id='line_1_25' title="bbox 56 2513 478 2596; baseline 0.014 -22"><span class='ocrx_word' id='word_1_183' title='bbox 56 2513 256 2596; x_wconf 81' lang='lat' dir='ltr'><strong>quandonam</strong></span> <span class='ocrx_word' id='word_1_184' title='bbox 271 2517 326 2579; x_wconf 82' lang='lat' dir='ltr'><strong>lroa</strong></span> <span class='ocrx_word' id='word_1_185' title='bbox 342 2517 478 2580; x_wconf 79' lang='lat' dir='ltr'><strong>accidit?</strong></span> 
     </span>
    </p>

    <p class='ocr_par' dir='ltr' id='par_1_8' title="bbox 55 2602 1077 2885">
     <span class='ocr_line' id='line_1_26' title="bbox 101 2602 1077 2696; baseline 0.006 -24"><span class='ocrx_word' id='word_1_186' title='bbox 101 2611 144 2673; x_wconf 87' lang='lat' dir='ltr'><strong>R.</strong></span> <span class='ocrx_word' id='word_1_187' title='bbox 171 2609 239 2672; x_wconf 90' lang='lat' dir='ltr'><strong>Hoc</strong></span> <span class='ocrx_word' id='word_1_188' title='bbox 262 2608 379 2690; x_wconf 87' lang='lat' dir='ltr'><strong>accidit</strong></span> <span class='ocrx_word' id='word_1_189' title='bbox 404 2612 442 2695; x_wconf 92' lang='lat' dir='ltr'><strong>in</strong></span> <span class='ocrx_word' id='word_1_190' title='bbox 463 2602 652 2696; x_wconf 87' lang='lat' dir='ltr'><strong>Duplicibus</strong></span> <span class='ocrx_word' id='word_1_191' title='bbox 678 2613 693 2673; x_wconf 92' lang='lat' dir='ltr'><strong>l</strong></span> <span class='ocrx_word' id='word_1_192' title='bbox 724 2621 755 2674; x_wconf 88' lang='lat' dir='ltr'><strong>et</strong></span> <span class='ocrx_word' id='word_1_193' title='bbox 777 2612 797 2673; x_wconf 73' lang='grc'>2</span> <span class='ocrx_word' id='word_1_194' title='bbox 821 2614 862 2675; x_wconf 92' lang='lat' dir='ltr'><strong>cl.</strong></span> <span class='ocrx_word' id='word_1_195' title='bbox 880 2623 912 2676; x_wconf 88' lang='lat' dir='ltr'><strong>et</strong></span> <span class='ocrx_word' id='word_1_196' title='bbox 942 2635 1014 2678; x_wconf 92' lang='lat' dir='ltr'><strong>cum</strong></span> <span class='ocrx_word' id='word_1_197' title='bbox 1045 2619 1077 2678; x_wconf 89' lang='lat' dir='ltr'><strong>iu</strong></span> 
     </span>
     <span class='ocr_line' id='line_1_27' title="bbox 56 2703 1073 2792; baseline 0.007 -26"><span class='ocrx_word' id='word_1_198' title='bbox 56 2703 157 2766; x_wconf 84' lang='lat' dir='ltr'><strong>Festis</strong></span> <span class='ocrx_word' id='word_1_199' title='bbox 172 2703 272 2788; x_wconf 90' lang='lat' dir='ltr'><strong>(aliud</strong></span> <span class='ocrx_word' id='word_1_200' title='bbox 286 2715 333 2768; x_wconf 89' lang='lat' dir='ltr'><strong>cst</strong></span> <span class='ocrx_word' id='word_1_201' title='bbox 348 2706 381 2767; x_wconf 89' lang='lat' dir='ltr'><strong>in</strong></span> <span class='ocrx_word' id='word_1_202' title='bbox 397 2705 587 2792; x_wconf 83' lang='lat' dir='ltr'><strong>Dominicis)</strong></span> <span class='ocrx_word' id='word_1_203' title='bbox 600 2707 710 2791; x_wconf 87' lang='lat' dir='ltr'><strong>primae</strong></span> <span class='ocrx_word' id='word_1_204' title='bbox 727 2706 877 2789; x_wconf 82' lang='lat' dir='ltr'><strong>Vespcrae</strong></span> <span class='ocrx_word' id='word_1_205' title='bbox 899 2708 962 2772; x_wconf 93' lang='lat' dir='ltr'><strong>sint</strong></span> <span class='ocrx_word' id='word_1_206' title='bbox 979 2711 1073 2772; x_wconf 89' lang='lat' dir='ltr'><strong>nobi-</strong></span> 
     </span>
     <span class='ocr_line' id='line_1_28' title="bbox 55 2798 900 2885; baseline 0.002 -25"><span class='ocrx_word' id='word_1_207' title='bbox 55 2799 153 2862; x_wconf 91' lang='lat' dir='ltr'><strong>liores</strong></span> <span class='ocrx_word' id='word_1_208' title='bbox 169 2798 329 2877; x_wconf 89' lang='lat' dir='ltr'><strong>secundis,</strong></span> <span class='ocrx_word' id='word_1_209' title='bbox 348 2800 449 2885; x_wconf 86' lang='lat' dir='ltr'><strong>magis</strong></span> <span class='ocrx_word' id='word_1_210' title='bbox 475 2800 571 2862; x_wconf 88' lang='lat' dir='ltr'><strong>etiarn</strong></span> <span class='ocrx_word' id='word_1_211' title='bbox 589 2810 663 2864; x_wconf 91' lang='lat' dir='ltr'><strong>sunt</strong></span> <span class='ocrx_word' id='word_1_212' title='bbox 678 2798 900 2884; x_wconf 83' lang='lat' dir='ltr'><strong>privilegiatae.</strong></span> 
     </span>
    </p>

    <p class='ocr_par' dir='ltr' id='par_1_9' title="bbox 55 2893 1210 3357">
     <span class='ocr_line' id='line_1_29' title="bbox 100 2893 1077 2980; baseline 0.004 -24"><span class='ocrx_word' id='word_1_213' title='bbox 100 2893 226 2968; x_wconf 78' lang='lat' dir='ltr'><strong>Etenim</strong></span> <span class='ocrx_word' id='word_1_214' title='bbox 250 2895 360 2979; x_wconf 84' lang='lat' dir='ltr'><strong>primae</strong></span> <span class='ocrx_word' id='word_1_215' title='bbox 386 2895 535 2978; x_wconf 83' lang='lat' dir='ltr'><strong>Vesperae</strong></span> <span class='ocrx_word' id='word_1_216' title='bbox 558 2895 642 2958; x_wconf 85' lang='lat' dir='ltr'><strong>Festi</strong></span> <span class='ocrx_word' id='word_1_217' title='bbox 662 2894 806 2979; x_wconf 88' lang='lat' dir='ltr'><strong>Duplicis</strong></span> <span class='ocrx_word' id='word_1_218' title='bbox 824 2895 839 2957; x_wconf 90' lang='lat'>1</span> <span class='ocrx_word' id='word_1_219' title='bbox 859 2896 899 2958; x_wconf 92' lang='lat' dir='ltr'><strong>cl.</strong></span> <span class='ocrx_word' id='word_1_220' title='bbox 926 2896 1077 2980; x_wconf 87' lang='lat' dir='ltr'><strong>rejiciunt</strong></span> 
     </span>
     <span class='ocr_line' id='line_1_30' title="bbox 56 2939 1210 3095; baseline 0.002 -42"><span class='ocrx_word' id='word_1_221' title='bbox 56 2989 402 3053; x_wconf 87' lang='lat' dir='ltr'><strong>Commemorationem</strong></span> <span class='ocrx_word' id='word_1_222' title='bbox 430 2987 643 3073; x_wconf 73' lang='lat' dir='ltr'><strong>precedentis</strong></span> <span class='ocrx_word' id='word_1_223' title='bbox 676 2988 909 3074; x_wconf 87' lang='lat' dir='ltr'><strong>cujuscumque</strong></span> <span class='ocrx_word' id='word_1_224' title='bbox 948 2989 1075 3073; x_wconf 87' lang='lat' dir='ltr'><strong>Officii,</strong></span> <span class='ocrx_word' id='word_1_225' title='bbox 1128 2939 1210 3095; x_wconf 52' lang='lat' dir='ltr'><strong>lsi.</strong></span> 
     </span>
     <span class='ocr_line' id='line_1_31' title="bbox 55 3045 1129 3168; baseline 0.007 -25"><span class='ocrx_word' id='word_1_226' title='bbox 55 3082 116 3146; x_wconf 89' lang='lat' dir='ltr'><strong>nisi</strong></span> <span class='ocrx_word' id='word_1_227' title='bbox 134 3081 351 3148; x_wconf 86' lang='lat' dir='ltr'><strong>sitDominiea</strong></span> <span class='ocrx_word' id='word_1_228' title='bbox 364 3083 468 3168; x_wconf 86' lang='lat' dir='ltr'><strong>major</strong></span> <span class='ocrx_word' id='word_1_229' title='bbox 484 3085 535 3148; x_wconf 88' lang='lat' dir='ltr'><strong>vel</strong></span> <span class='ocrx_word' id='word_1_230' title='bbox 552 3084 678 3167; x_wconf 83' lang='lat' dir='ltr'><strong>Duplex</strong></span> <span class='ocrx_word' id='word_1_231' title='bbox 703 3085 718 3145; x_wconf 92' lang='lat' dir='ltr'><strong>l</strong></span> <span class='ocrx_word' id='word_1_232' title='bbox 739 3083 790 3147; x_wconf 88' lang='lat' dir='ltr'><strong>vel</strong></span> <span class='ocrx_word' id='word_1_233' title='bbox 811 3084 830 3146; x_wconf 61' lang='grc' dir='ltr'><strong><em>ἓ</em></strong></span> <span class='ocrx_word' id='word_1_234' title='bbox 853 3086 894 3147; x_wconf 91' lang='lat' dir='ltr'><strong>cl.</strong></span> <span class='ocrx_word' id='word_1_235' title='bbox 920 3083 1076 3150; x_wconf 76' lang='lat' dir='ltr'><strong>Secunda</strong></span> <span class='ocrx_word' id='word_1_236' title='bbox 1104 3045 1129 3132; x_wconf 67' lang='lat' dir='ltr'><em>s</em></span> 
     </span>
     <span class='ocr_line' id='line_1_32' title="bbox 55 3176 1077 3265; baseline 0.007 -28"><span class='ocrx_word' id='word_1_237' title='bbox 55 3176 208 3259; x_wconf 76' lang='lat' dir='ltr'><strong>Vespera</strong></span> <span class='ocrx_word' id='word_1_238' title='bbox 228 3176 380 3262; x_wconf 77' lang='lat' dir='ltr'><strong>rejiciunt</strong></span> <span class='ocrx_word' id='word_1_239' title='bbox 403 3187 526 3241; x_wconf 88' lang='lat' dir='ltr'><strong>tantum</strong></span> <span class='ocrx_word' id='word_1_240' title='bbox 552 3177 898 3242; x_wconf 83' lang='lat' dir='ltr'><strong>Commemorationem</strong></span> <span class='ocrx_word' id='word_1_241' title='bbox 916 3180 1077 3265; x_wconf 90' lang='lat' dir='ltr'><strong>Simplicis</strong></span> 
     </span>
     <span class='ocr_line' id='line_1_33' title="bbox 55 3269 628 3357; baseline 0.007 -25"><span class='ocrx_word' id='word_1_242' title='bbox 55 3271 220 3357; x_wconf 79' lang='lat' dir='ltr'><strong>sequentis</strong></span> <span class='ocrx_word' id='word_1_243' title='bbox 235 3281 267 3334; x_wconf 93' lang='lat' dir='ltr'><strong>ct</strong></span> <span class='ocrx_word' id='word_1_244' title='bbox 282 3269 346 3334; x_wconf 89' lang='lat' dir='ltr'><strong>diei</strong></span> <span class='ocrx_word' id='word_1_245' title='bbox 363 3273 445 3335; x_wconf 88' lang='lat' dir='ltr'><strong>inlra</strong></span> <span class='ocrx_word' id='word_1_246' title='bbox 461 3272 628 3336; x_wconf 85' lang='lat' dir='ltr'><strong>Octavam.</strong></span> 
     </span>
    </p>

    <p class='ocr_par' dir='ltr' id='par_1_10' title="bbox 54 3367 1133 3898">
     <span class='ocr_line' id='line_1_34' title="bbox 98 3367 1088 3453; baseline 0.007 -26"><span class='ocrx_word' id='word_1_247' title='bbox 98 3367 226 3450; x_wconf 83' lang='lat' dir='ltr'><strong>Duplex</strong></span> <span class='ocrx_word' id='word_1_248' title='bbox 246 3387 324 3431; x_wconf 83' lang='lat' dir='ltr'><strong>vero</strong></span> <span class='ocrx_word' id='word_1_249' title='bbox 340 3368 359 3428; x_wconf 77' lang='lat'>2</span> <span class='ocrx_word' id='word_1_250' title='bbox 376 3369 416 3430; x_wconf 90' lang='lat' dir='ltr'><strong>cl.</strong></span> <span class='ocrx_word' id='word_1_251' title='bbox 435 3368 468 3430; x_wconf 92' lang='lat' dir='ltr'><strong>iu</strong></span> <span class='ocrx_word' id='word_1_252' title='bbox 485 3368 550 3449; x_wconf 90' lang='lat' dir='ltr'><strong>suis</strong></span> <span class='ocrx_word' id='word_1_253' title='bbox 563 3368 675 3452; x_wconf 90' lang='lat' dir='ltr'><strong>primis</strong></span> <span class='ocrx_word' id='word_1_254' title='bbox 692 3367 841 3452; x_wconf 88' lang='lat' dir='ltr'><strong>Vesperis</strong></span> <span class='ocrx_word' id='word_1_255' title='bbox 865 3367 971 3452; x_wconf 87' lang='lat' dir='ltr'><strong>rejicit</strong></span> <span class='ocrx_word' id='word_1_256' title='bbox 986 3370 1088 3453; x_wconf 51' lang='lat' dir='ltr'><strong>Com·¹</strong></span> 
     </span>
     <span class='ocr_line' id='line_1_35' title="bbox 56 3459 1133 3545; baseline 0.009 -26"><span class='ocrx_word' id='word_1_257' title='bbox 56 3460 321 3523; x_wconf 87' lang='lat' dir='ltr'><strong>memorationem</strong></span> <span class='ocrx_word' id='word_1_258' title='bbox 370 3459 578 3545; x_wconf 86' lang='lat' dir='ltr'><strong>praecedeutis</strong></span> <span class='ocrx_word' id='word_1_259' title='bbox 621 3459 858 3545; x_wconf 87' lang='lat' dir='ltr'><strong>Serniduplicis,</strong></span> <span class='ocrx_word' id='word_1_260' title='bbox 901 3463 1075 3528; x_wconf 82' lang='lat' dir='ltr'><strong>Dominicoe</strong></span> <span class='ocrx_word' id='word_1_261' title='bbox 1126 3483 1133 3489; x_wconf 68' lang='grc'><strong>“</strong></span> 
     </span>
     <span class='ocr_line' id='line_1_36' title="bbox 55 3541 1073 3631; baseline 0.01 -17"><span class='ocrx_word' id='word_1_262' title='bbox 55 3554 236 3616; x_wconf 89' lang='lat' dir='ltr'><strong>communis</strong></span> <span class='ocrx_word' id='word_1_263' title='bbox 251 3564 283 3617; x_wconf 89' lang='lat' dir='ltr'><strong>et</strong></span> <span class='ocrx_word' id='word_1_264' title='bbox 298 3552 363 3617; x_wconf 90' lang='lat' dir='ltr'><strong>diei</strong></span> <span class='ocrx_word' id='word_1_265' title='bbox 391 3541 475 3620; x_wconf 78' lang='lat' dir='ltr'><strong>infra</strong></span> <span class='ocrx_word' id='word_1_266' title='bbox 490 3556 658 3631; x_wconf 86' lang='lat' dir='ltr'><strong>Octavam.</strong></span> <span class='ocrx_word' id='word_1_267' title='bbox 678 3559 716 3620; x_wconf 92' lang='lat' dir='ltr'><strong>In</strong></span> <span class='ocrx_word' id='word_1_268' title='bbox 732 3556 882 3621; x_wconf 85' lang='lat' dir='ltr'><strong>secundis</strong></span> <span class='ocrx_word' id='word_1_269' title='bbox 904 3578 983 3623; x_wconf 90' lang='lat' dir='ltr'><strong>vcro</strong></span> <span class='ocrx_word' id='word_1_270' title='bbox 1008 3581 1073 3624; x_wconf 92' lang='lat' dir='ltr'><strong>non</strong></span> 
     </span>
     <span class='ocr_line' id='line_1_37' title="bbox 55 3644 1073 3733; baseline 0.006 -25"><span class='ocrx_word' id='word_1_271' title='bbox 55 3644 196 3710; x_wconf 77' lang='lat' dir='ltr'><strong>admittit</strong></span> <span class='ocrx_word' id='word_1_272' title='bbox 212 3646 556 3713; x_wconf 76' lang='lat' dir='ltr'><strong>commemorationem</strong></span> <span class='ocrx_word' id='word_1_273' title='bbox 584 3647 649 3712; x_wconf 90' lang='lat' dir='ltr'><strong>diei</strong></span> <span class='ocrx_word' id='word_1_274' title='bbox 667 3649 751 3713; x_wconf 83' lang='lat' dir='ltr'><strong>infra</strong></span> <span class='ocrx_word' id='word_1_275' title='bbox 768 3649 934 3733; x_wconf 83' lang='lat' dir='ltr'><strong>Octavam,</strong></span> <span class='ocrx_word' id='word_1_276' title='bbox 963 3652 1024 3715; x_wconf 91' lang='lat' dir='ltr'><strong>nisi</strong></span> <span class='ocrx_word' id='word_1_277' title='bbox 1040 3653 1073 3714; x_wconf 91' lang='lat' dir='ltr'><strong>in</strong></span> 
     </span>
     <span class='ocr_line' id='line_1_38' title="bbox 54 3742 1072 3830; baseline 0.007 -27"><span class='ocrx_word' id='word_1_278' title='bbox 54 3762 132 3804; x_wconf 85' lang='lat' dir='ltr'><strong>casu</strong></span> <span class='ocrx_word' id='word_1_279' title='bbox 156 3763 221 3827; x_wconf 90' lang='lat' dir='ltr'><strong>qao</strong></span> <span class='ocrx_word' id='word_1_280' title='bbox 251 3743 291 3805; x_wconf 93' lang='lat' dir='ltr'><strong>dc</strong></span> <span class='ocrx_word' id='word_1_281' title='bbox 319 3742 372 3805; x_wconf 87' lang='lat' dir='ltr'><strong>die</strong></span> <span class='ocrx_word' id='word_1_282' title='bbox 400 3743 483 3806; x_wconf 85' lang='lat' dir='ltr'><strong>infre</strong></span> <span class='ocrx_word' id='word_1_283' title='bbox 507 3744 660 3809; x_wconf 86' lang='lat' dir='ltr'><strong>Octavam</strong></span> <span class='ocrx_word' id='word_1_284' title='bbox 683 3743 739 3808; x_wconf 88' lang='lat' dir='ltr'><strong>fiat</strong></span> <span class='ocrx_word' id='word_1_285' title='bbox 754 3745 899 3830; x_wconf 88' lang='lat' dir='ltr'><strong>sequenti</strong></span> <span class='ocrx_word' id='word_1_286' title='bbox 923 3743 977 3808; x_wconf 90' lang='lat' dir='ltr'><strong>die</strong></span> <span class='ocrx_word' id='word_1_287' title='bbox 995 3746 1072 3810; x_wconf 89' lang='lat' dir='ltr'><strong>Offi-</strong></span> 
     </span>
     <span class='ocr_line' id='line_1_39' title="bbox 55 3857 949 3898; baseline 0.007 -1"><span class='ocrx_word' id='word_1_288' title='bbox 55 3857 156 3898; x_wconf 87' lang='lat' dir='ltr'><strong>crum.</strong></span> <span class='ocrx_word' id='word_1_289' title='bbox 946 3869 949 3873; x_wconf 94' lang='lat'><em>·</em></span> 
     </span>
    </p>

    <p class='ocr_par' dir='ltr' id='par_1_11' title="bbox 56 3921 1108 4207">
     <span class='ocr_line' id='line_1_40' title="bbox 98 3921 1108 4023; baseline 0.006 -31"><span class='ocrx_word' id='word_1_290' title='bbox 98 3931 250 3992; x_wconf 85' lang='lat' dir='ltr'><strong>Attamen</strong></span> <span class='ocrx_word' id='word_1_291' title='bbox 275 3930 307 3992; x_wconf 91' lang='lat' dir='ltr'><strong>in</strong></span> <span class='ocrx_word' id='word_1_292' title='bbox 332 3931 548 4016; x_wconf 85' lang='lat' dir='ltr'><strong>Duplicibusl</strong></span> <span class='ocrx_word' id='word_1_293' title='bbox 570 3944 600 3998; x_wconf 90' lang='lat' dir='ltr'><strong>et</strong></span> <span class='ocrx_word' id='word_1_294' title='bbox 625 3935 645 3998; x_wconf 74' lang='grc'>2</span> <span class='ocrx_word' id='word_1_295' title='bbox 666 3936 708 4000; x_wconf 93' lang='lat' dir='ltr'><strong>cl.</strong></span> <span class='ocrx_word' id='word_1_296' title='bbox 725 3935 760 3999; x_wconf 89' lang='lat' dir='ltr'><strong>lit</strong></span> <span class='ocrx_word' id='word_1_297' title='bbox 777 3957 904 4023; x_wconf 86' lang='lat' dir='ltr'><strong>semper</strong></span> <span class='ocrx_word' id='word_1_298' title='bbox 925 3934 1072 3999; x_wconf 88' lang='lat' dir='ltr'><strong>Comme·</strong></span> <span class='ocrx_word' id='word_1_299' title='bbox 1101 3921 1108 3933; x_wconf 51' lang='lat'>¹</span> 
     </span>
     <span class='ocr_line' id='line_1_41' title="bbox 56 4021 1073 4113; baseline 0.006 -29"><span class='ocrx_word' id='word_1_300' title='bbox 56 4024 192 4086; x_wconf 87' lang='lat' dir='ltr'><strong>moratio</strong></span> <span class='ocrx_word' id='word_1_301' title='bbox 223 4021 286 4086; x_wconf 88' lang='lat' dir='ltr'><strong>diei</strong></span> <span class='ocrx_word' id='word_1_302' title='bbox 313 4025 441 4091; x_wconf 85' lang='lat' dir='ltr'><strong>Octavae</strong></span> <span class='ocrx_word' id='word_1_303' title='bbox 471 4028 638 4094; x_wconf 85' lang='lat' dir='ltr'><strong>Festorum</strong></span> <span class='ocrx_word' id='word_1_304' title='bbox 661 4031 806 4113; x_wconf 85' lang='lat' dir='ltr'><strong>Domini,</strong></span> <span class='ocrx_word' id='word_1_305' title='bbox 841 4040 873 4095; x_wconf 91' lang='lat' dir='ltr'><strong>et</strong></span> <span class='ocrx_word' id='word_1_306' title='bbox 899 4029 964 4093; x_wconf 89' lang='lat' dir='ltr'><strong>dici</strong></span> <span class='ocrx_word' id='word_1_307' title='bbox 988 4029 1073 4092; x_wconf 83' lang='lat' dir='ltr'><strong>infra</strong></span> 
     </span>
     <span class='ocr_line' id='line_1_42' title="bbox 57 4119 478 4207; baseline 0.007 -26"><span class='ocrx_word' id='word_1_308' title='bbox 57 4119 211 4183; x_wconf 84' lang='lat' dir='ltr'><strong>Octavam</strong></span> <span class='ocrx_word' id='word_1_309' title='bbox 228 4120 478 4207; x_wconf 82' lang='lat' dir='ltr'><strong>privilegiatam.</strong></span> 
     </span>
    </p>

    <p class='ocr_par' dir='ltr' id='par_1_12' title="bbox 147 4213 891 4274">
     <span class='ocr_line' id='line_1_43' title="bbox 147 4213 891 4274; baseline 0.015 -12"><span class='ocrx_word' id='word_1_310' title='bbox 147 4232 237 4274; x_wconf 76' lang='lat' dir='ltr'><strong>patrer.</strong></span> <span class='ocrx_word' id='word_1_311' title='bbox 250 4233 271 4266; x_wconf 81' lang='lat' dir='ltr'><strong>ur</strong></span> <span class='ocrx_word' id='word_1_312' title='bbox 284 4233 335 4266; x_wconf 83' lang='lat' dir='ltr'><strong>aaa.</strong></span> <span class='ocrx_word' id='word_1_313' title='bbox 871 4213 891 4273; x_wconf 70' lang='grc'><strong><em>4</em></strong></span> 
     </span>
    </p>
   </div>
   <div class='ocr_carea' id='block_1_4' title="bbox 0 0 1382 4740">
    <p class='ocr_par' dir='ltr' id='par_1_13' title="bbox 0 0 1382 4740">
     <span class='ocr_line' id='line_1_44' title="bbox 0 0 1382 4740; baseline 0 0"><span class='ocrx_word' id='word_1_314' title='bbox 0 0 1382 4740; x_wconf 95' lang='lat' dir='ltr'><strong> </strong></span> 
     </span>
    </p>
   </div>
  </div>
 </body>
</html>
