2754 4740
291 235 379 276 mrus
404 234 592 274 catenantur
617 233 744 274 ursnu.
997 211 1057 272 1³39

65 341 137 426 paru
161 339 323 400 dumtaxat
350 335 486 396 lrontern
513 357 568 396 sen
598 336 739 396 inedium
764 335 932 398 anterioris
962 335 1058 418 partis

64 438 160 498 tabulae
172 455 225 496 seu
241 451 359 493 meusae
376 429 482 492 altaris
501 440 644 512 tangant,
657 428 786 492 residuo
803 451 956 492 manuum
975 431 1057 492 inter

64 534 195 592 alteraet
219 547 251 588 se
277 534 414 604 retento,
433 525 547 607 pollice
575 520 689 586 dextro
715 545 812 608 super
834 525 995 586 sinistrum
1024 525 1056 586 in

64 624 174 686 modum
194 621 297 684 crucis
321 619 435 702 posito,
464 622 550 703 (quae
573 621 680 681 omnia
697 641 825 704 semper
848 619 1059 682 observantur

64 739 121 780 cum
137 737 242 781 manus
257 713 377 798 junetae
391 733 488 796 super
511 713 610 775 altare
628 713 806 796 ponuntur)
822 725 944 776 secreto
961 709 1056 775 dicit:

66 811 180 874 Oramus
204 821 241 889 te,
267 808 407 882 Domine,
429 818 498 886 ete,
517 815 548 868 et
570 827 643 868 eum
660 804 739 870 dicit
758 807 899 886 Quorum
922 807 1059 892 reliquie¹

64 907 102 967 lie
123 917 201 979 serat,
234 904 396 965 oseulatur
428 904 526 964 altare
556 904 586 964 iu
615 903 735 980 medio,
770 903 917 966 manibus
947 914 1058 964 exten-

64 1001 95 1062 sis
107 1000 263 1084 equaliter
286 997 361 1058 hinc
385 995 460 1059 iude
485 1017 583 1080 super
608 1019 645 1058 eo
671 999 798 1080 positis:
825 995 910 1082 qood
933 1017 1060 1080 semper

63 1103 199 1172 servatur,
218 1088 347 1177 quaudo
364 1093 524 1152 oseulatur
539 1094 638 1154 altare
653 1140 660 1172 ,
678 1091 733 1153 sed
754 1102 824 1176 post
839 1092 1058 1154 Consecratio-

63 1209 123 1250 nem
150 1188 278 1271 pollices
305 1186 346 1249 ab
375 1184 535 1248 indicibus
563 1208 625 1248 non
649 1184 890 1271 disjunguntur.
909 1187 945 1246 ln
969 1187 1054 1247 omni

63 1283 142 1345 etiam
157 1281 392 1345 deosculatione
408 1281 475 1342 sive
499 1282 619 1356 altaris,
643 1281 711 1342 sive
729 1281 815 1362 libri,
834 1281 901 1346 sive
927 1281 1057 1343 alterius

62 1376 109 1452 rei,
126 1397 182 1438 uon
199 1375 388 1460 producitur
401 1375 527 1460 signum
540 1376 642 1438 crucis
655 1377 770 1458 pollice
788 1377 840 1440 vel
853 1397 950 1439 rnanu
961 1395 1057 1458 super

63 1467 89 1530 id
102 1468 179 1554 quod
198 1468 406 1534 osculandum
425 1479 484 1531 est.

98 1565 124 1625 l.
147 1563 294 1627 Osculato
309 1563 411 1644 altari,
430 1560 553 1626 accedit
569 1561 610 1624 ad
627 1583 728 1625 cornu
743 1560 813 1646 ejus
831 1563 1004 1643 sinistrum,
1024 1562 1058 1625 id

63 1668 101 1718 est
120 1659 287 1740 Epistolre:
315 1657 371 1719 ubi
399 1667 484 1719 stans
510 1678 620 1721 versus
643 1659 754 1737 altare,
785 1669 815 1720 et
839 1656 1018 1741 producens
1039 1680 1057 1721 a

61 1751 150 1814 fronte
165 1751 205 1814 ad
221 1763 332 1836 pectus
348 1753 475 1836 signum
499 1751 613 1824 crucis,
639 1745 751 1834 incipit
768 1751 960 1836 intelligibili
978 1773 1055 1815 voce

62 1847 209 1908 latreitrun
232 1847 345 1920 Missae,
371 1855 402 1907 et
428 1845 634 1930 prosequitur
649 1845 771 1928 junctis
788 1847 946 1908 manibus.
976 1844 1056 1908 Cum

61 1938 144 2003 dicits
163 1940 270 2004 Gloria
283 1943 387 2020 Patri,
407 1950 517 2002 tenens
528 1940 656 2023 junctas
672 1961 795 2018 manus,
814 1950 909 2024 caput
926 1940 1058 2003 inclinat

60 2055 157 2097 versus
171 2035 318 2098 Crucem.
337 2035 415 2097 Cum
432 2034 548 2117 repetit
562 2034 742 2110 Introitum,
768 2055 832 2096 non
849 2036 953 2118 signat
967 2054 1000 2095 se
1021 2044 1058 2096 ut

60 2128 153 2208 prius:
170 2140 200 2190 et
215 2150 254 2190 eo
271 2128 418 2210 repetito,
432 2126 552 2210 junctis
567 2125 714 2188 manibus
731 2137 804 2189 ante
829 2136 951 2211 peetus,
969 2148 1056 2190 acce·
1084 2139 1092 2159 ⁹

60 2219 100 2283 dit
119 2220 157 2284 ad
178 2221 322 2284 medium
345 2223 463 2298 altaris,
492 2219 548 2282 ubi
574 2234 657 2283 stans
681 2242 792 2283 versus
816 2221 895 2284 illud
911 2221 1058 2284 similiter

61 2315 191 2378 manibus
201 2315 337 2400 junctis,
354 2313 432 2376 dicit
448 2312 560 2376 eadem
574 2308 652 2377 voce
676 2324 725 2376 ter
748 2315 843 2398 Kyrie
867 2313 990 2396 eleison,
1010 2324 1057 2376 ter

62 2406 168 2472 Christe
195 2411 317 2486 eleison,
350 2410 518 2471 etiterum
542 2419 591 2471 ter
611 2409 706 2491 Kprie
727 2409 849 2489 eleison,
876 2409 1056 2474 alternatim

61 2523 122 2564 cum
145 2503 299 2566 ministro.
327 2503 358 2566 Si
377 2502 532 2582 minister,
551 2503 602 2565 vel
618 2503 673 2586 qui
697 2503 865 2582 intersunt,
882 2502 1056 2568 celebranti

62 2617 114 2659 non
130 2595 352 2681 respondeant,
372 2599 437 2680 ipse
455 2599 539 2660 solus
557 2599 665 2660 novies
681 2596 771 2662 dicit.

98 2693 126 2755 5.
148 2694 237 2756 Dicto
254 2693 367 2754 ultimo
383 2692 478 2774 Kprie
494 2690 615 2771 eleison,
634 2689 781 2755 sacerdos
797 2701 881 2754 stans
894 2693 924 2754 in
949 2694 1056 2758 medio

62 2787 164 2864 altario,
190 2797 221 2850 et
236 2809 350 2849 manus
366 2783 553 2867 extendens,
568 2786 761 2870 elevansque
773 2807 873 2872 usque
888 2787 927 2851 ad
947 2789 1056 2850 bume-

62 2901 114 2959 ros,
130 2879 227 2967 (qnod
251 2882 283 2944 in
301 2881 386 2944 omni
399 2901 552 2943 marruum
569 2879 747 2943 elevatione
764 2880 965 2964 observatur)
977 2904 1061 2945 voce.

61 2973 196 3055 predicta
213 2976 336 3058 incipit,
356 2974 380 3036 si
397 2971 570 3036 dicendum
586 2973 642 3036 sit:
660 2970 773 3036 Gloria.
781 2975 813 3034 in
825 2973 959 3037 excelsis.
977 2975 1056 3038 Cum

62 3065 128 3132 dicit
156 3071 229 3147 Deo,
252 3068 394 3154 jungens
422 3089 546 3145 nrarrus,
575 3077 671 3152 caput
693 3067 785 3131 Cruci
811 3069 962 3134 inclinat:
991 3092 1055 3155 quo

61 3170 166 3241 erecto,
186 3173 272 3225 stans
295 3161 415 3246 junctis
441 3162 589 3225 manibus
611 3172 684 3223 ante
706 3171 828 3243 pectus,
855 3163 1058 3248 prosequitur

60 3257 202 3340 usquead
218 3257 324 3320 finem.
345 3257 423 3320 Cum
440 3254 516 3318 dicit
531 3255 710 3318 Adorenars
732 3267 774 3332 tc,
795 3254 920 3319 Gratius
936 3259 1057 3340 opiinus

60 3348 115 3429 tili,
142 3362 172 3413 et
193 3352 269 3413 Jese
287 3350 420 3427 Cluu'ste,
445 3350 571 3433 Suscipe
595 3349 833 3432 deprecationem
850 3361 997 3428 nestram,
1026 3359 1058 3413 et

60 3441 161 3508 iterum
183 3447 257 3508 Jesu
277 3444 409 3523 Clu'iste,
428 3454 526 3530 caput
542 3444 636 3508 Cruci
663 3443 806 3506 inclinat.
827 3442 906 3506 Cum
922 3441 1000 3505 dicit
1022 3443 1056 3504 in

59 3535 112 3600 fine
135 3538 209 3604 Cum
239 3552 344 3604 cerreto
366 3540 501 3624 Spiritu,
540 3540 680 3623 seipsum
703 3558 722 3600 a
747 3536 853 3600 fronte
882 3534 922 3598 ad
946 3546 1058 3620 pectus

59 3632 162 3717 signat,
180 3636 308 3699 interim
325 3637 492 3700 absolvens
508 3638 542 3698 in
557 3633 660 3719 pierio
674 3635 734 3696 Dei
747 3633 870 3696 Petris.
884 3630 998 3694 Areten.
1074 3658 1078 3662 ·

97 3729 125 3791 l.
150 3731 185 3792 In
202 3733 295 3796 Missa
304 3729 606 3809 solemnisaeerdoS,
621 3730 703 3792 facta
713 3726 929 3808 Confessione,
946 3747 1059 3789 ascen·

62 3818 101 3885 dit
113 3845 180 3888 eum
198 3827 350 3890 ministris
366 3825 406 3890 od
425 3825 569 3890 medium
585 3823 709 3906 altaris;
733 3821 789 3886 ubi
812 3820 898 3885 dicto
924 3819 1059 3885 Oramus

63 3925 94 3996 te,
109 3919 245 4002 Domine,
264 3931 296 3983 et
320 3922 460 3987 osculato
486 3919 590 3996 altari,
613 3919 704 4002 ponit
718 3918 883 3980 incensum
906 3914 939 3976 iu
956 3914 1059 3978 thuri-

64 4007 172 4094 bulum,
203 4013 568 4079 ministrantesdiacono
595 4012 787 4090 naviculam,
806 4021 839 4073 et
854 4008 1058 4080 thuriferario

65 4103 262 4172 thuribulum.
280 4110 438 4172 Diaconos
455 4129 566 4194 parum
583 4108 752 4170 inclinatus
768 4125 878 4168 versus
892 4100 1059 4166 celebran-
