2754 4740
304 214 325 276 4
723 223 915 274 oumsrrorues

341 335 388 398 P.
417 333 535 404 Preces
567 323 610 390 ad
634 325 778 390 Primam
809 335 842 389 et
872 325 1136 411 completorium,
1167 325 1310 412 Suffragia

296 429 339 494 dc
356 429 392 493 S.
406 425 518 502 Maria,
533 423 591 486 SS.
609 421 742 505 Joscph,
766 420 940 506 Apostolis,
954 423 1105 499 Patrono,
1130 433 1164 484 ct
1181 420 1221 486 dc
1236 425 1307 486 Pace

296 520 339 588 ad
350 522 509 605 Vesperas
523 526 556 580 et
569 512 695 579 Laudes
710 535 775 578 non
791 515 944 580 dicuntur
959 517 991 580 iu
1008 516 1135 601 Duplici
1153 518 1228 601 (Tit.
1241 519 1264 598 l,
1278 539 1307 581 n.

300 613 524 697 Sffiomffi.

324 665 334 705 θ
348 711 494 799 Officium
508 708 708 792 Semiduplca
723 710 762 772 Ιολ
779 709 879 773 habet
894 709 1043 774 Officium
1068 710 1234 798 integrum
1248 711 1317 774 sicut

282 808 455 890 vDuplex3
488 801 558 868 dies
585 813 692 867 tamen
708 802 793 867 infra
808 804 945 870 Octavas
975 826 1040 867 non
1069 806 1196 870 habent
1216 807 1319 892 primas

300 901 368 967 Vos
394 920 477 963 eras.

347 922 394 1057 pi).
422 993 494 1056 Non
518 988 728 1076 duplicantur
752 991 957 1077 Antiphonae,
987 992 1044 1058 sed
1074 995 1183 1104 ppp‘ma
1210 1005 1319 1059 tantum

305 1087 500 1174 Antiphone
516 1086 619 1152 verba
634 1095 708 1148 ante
724 1087 888 1151 Psalmum
901 1087 1067 1154 dicuntur.
1087 1095 1106 1109 “’

348 1179 461 1246 50.Αά
476 1178 682 1256 Matutiuunr‚
711 1179 793 1244 sicut
819 1181 853 1244 in
878 1182 990 1247 Officio
1016 1183 1162 1269 Duplici,
1182 1181 1322 1245 dicuntur

307 1276 502 1364 regulariter
521 1284 586 1338 tres
602 1275 756 1337 Nocturni
775 1296 849 1338 cum
866 1298 981 1341 novem
998 1278 1134 1341 Psalmis
1153 1286 1187 1339 ct
1203 1273 1325 1340 totidem
1366 1291 1367 1298 ¹

306 1371 530 1452 Lectionibus;
546 1368 722 1455 Dominicae
746 1378 868 1448 tamem
882 1371 914 1434 in
934 1371 1054 1457 quibus
1069 1373 1106 1436 fit
1127 1371 1278 1436 Officium
1296 1377 1326 1430 ut

307 1469 340 1531 iu
353 1467 522 1546 Psalterio,
539 1464 662 1527 habent
677 1462 857 1529 octodecim
873 1467 1030 1531 Psalmos.

352 1563 398 1625 4⁰.
414 1561 573 1625 Dicuntur
590 1560 707 1622 Preces
725 1569 756 1622 et
770 1557 929 1646 Suffragia
948 1561 1021 1642 (Tit.
1037 1563 1080 1638 ll,
1097 1581 1132 1622 n.
1152 1560 1187 1640 5,
1206 1562 1226 1623 4
1244 1570 1274 1622 ct
1287 1559 1325 1642 5).

357 1653 501 1743 Officium
515 1654 656 1740 Simplex
687 1655 721 1717 1⁰
747 1675 812 1718 non
837 1655 938 1720 habet
965 1667 1117 1742 utrasque
1149 1657 1326 1742 Vesperas;

311 1751 459 1816 Officium
486 1749 574 1813 enim
597 1750 743 1833 Simplex
770 1749 807 1812 dc
831 1753 922 1814 Fcrio
947 1751 1046 1815 habet
1073 1762 1203 1815 lantum
1226 1773 1328 1814 secun-

311 1844 368 1909 das
383 1846 555 1931 Vesperas,
579 1853 611 1907 et
632 1843 781 1908 Officium
811 1845 955 1930 Simplex
982 1844 1023 1909 de
1037 1848 1126 1909 Festo
1149 1847 1256 1908 solum
1273 1842 1328 1929 pri·

317 1961 398 2005 mas.

357 2038 402 2099 2⁰.
422 2032 537 2116 Quoad
552 2032 765 2119 Antiphonas,
784 2055 849 2097 non
863 2032 1081 2119 duplicantur.

359 2130 406 2193 5⁰.
438 2128 631 2194 Matutinum
654 2129 756 2193 habet
779 2150 880 2192 unum
902 2139 1027 2194 lantum
1044 2129 1249 2194 Nocturnum
1269 2148 1330 2191 cum

313 2220 487 2286 duodecim
507 2222 643 2285 Psalmis
668 2233 701 2285 ct
723 2222 825 2286 tribus
848 2223 1068 2288 Lectionibus.
1096 2222 1179 2287 Ideo
1195 2222 1332 2288 Officium
1370 2269 1371 2276 Ι

315 2317 460 2402 Simplex
483 2317 579 2380 etiam
596 2327 731 2381 vocatur
763 2314 908 2402 Officium
925 2320 1021 2382 triuru
1035 2319 1245 2395 Lectionum,·
1265 2315 1331 2377 dum

315 2423 462 2480 econtra
477 2434 535 2497 per
553 2411 699 2500 Officium
724 2435 829 2476 uocem
857 2415 1035 2479 Lectionum
1050 2412 1247 2501 designatur
1267 2411 1334 2474 Offi-

317 2509 403 2574 cium
422 2509 551 2593 Duplex
565 2509 619 2572 vel
635 2505 858 2592 Semiduplcx.

359 2605 406 2669 4⁰.
423 2606 539 2668 Preces
552 2613 584 2666 et
600 2602 758 2689 Suffragia
771 2601 924 2667 dicuntur
946 2603 1019 2688 (Tit.
1038 2603 1096 2685 ΙΙΙ,
1116 2623 1151 2664 n.
1168 2603 1191 2664 5
1208 2612 1240 2664 et
1254 2601 1285 2678 l,
1300 2597 1334 2678 V,

317 2721 351 2763 n.
376 2699 537 2781 Meti,
555 2698 703 2776 XXXIV,
722 2721 753 2768 n.
770 2699 789 2760 2
806 2699 898 2784 ct5).

361 2789 476 2873 Quoad
492 2792 568 2855 alias
605 2793 689 2856 inter
706 2791 865 2876 triplicem
888 2793 979 2855 illum
1003 2791 1101 2855 ritum
1124 2787 1331 2862 differentias,

321 2896 353 2950 et
363 2886 577 2970 exceptiones,
595 2887 803 2950 consulantur
817 2884 980 2948 Rubricae.

221 3127 295 3238 s
672 3121 701 3214 ξ.
717 3121 760 3194 2.
779 3119 835 3194 Dc
852 3119 985 3194 Fectio.

693 3335 768 3422 (m.
786 3335 872 3417 1,11,
891 3332 965 3416 111).

368 3550 487 3630 Quaesl.
504 3548 535 3610 ὃ.
556 3544 782 3630 Quotuplicitcr
795 3543 1034 3626 distiupuuntur
1048 3536 1164 3601 Festa?

364 3646 408 3708 R.
425 3642 627 3726 Triplieitcrz
645 3642 706 3704 alia
726 3649 800 3703 sunt
815 3637 975 3723 Duplicia,
994 3634 1055 3698 alia
1068 3633 1295 3718 Semiduplicio
1308 3643 1336 3696 ct

324 3737 387 3802 alia
401 3737 574 3819 Simplicio.
591 3732 715 3799 Deinde
738 3735 831 3798 Festa
859 3731 1007 3816 Duplicia
1030 3726 1288 3793 subdividuntur
1308 3729 1336 3788 in

321 3830 469 3914 Duplicia
482 3833 593 3914 primu
608 3831 728 3906 cloacis,
742 3827 890 3914 Duplicia
906 3825 1046 3890 secundo
1062 3823 1181 3906 classis,
1193 3823 1336 3908 Duplicia

321 3927 442 4005 majora
458 3934 491 3988 et
505 3925 794 4008 Dupliciaminoro.

366 4017 486 4098 Quaest.
502 4019 532 4084 6.
544 4020 602 4082 Dic
613 4022 858 4104 pancratiusque
868 4019 910 4080 eit
925 4014 1099 4102 differentia
1110 4015 1191 4077 iuter
1207 4021 1338 4097 quatuor

323 4134 437 4200 perrara
451 4117 610 4180 Festorom
626 4114 817 4198 Duplicium.
954 4186 957 4194 ,
