2754 4740
317 227 360 290 26
731 241 922 293 Qumsmones

362 337 382 398 7
415 333 526 400 Casus.
550 333 608 396 Die
636 333 678 396 49
703 331 959 438 inmanifestum
985 329 1044 391 SS.
1068 330 1161 439 Petri
1186 343 1211 392 et
1232 331 1317 392 Pauli

315 518 1133 606 murmuriosus
1158 501 1197 581 el.
1222 529 1317 604 estque

319 616 451 700 insuper
466 615 529 678 dies
545 614 631 700 infru
647 613 795 679 Octavam
810 613 845 677 S.
859 613 992 674 Joaaais
1002 615 1163 695 Baptista.

358 710 538 774 Resolulio.
550 710 605 782 Fit
627 706 668 820 de
691 710 783 772 Festo
800 704 984 818 supradicto
1001 707 1057 769 SS.
1076 708 1163 770 Petri
1188 718 1219 771 et
1238 707 1337 770 Pauli·

315 801 1317 976 W*

357 990 625 1055 commemoratio
648 989 714 1054 dici
742 991 825 1054 inira
850 990 1005 1054 Octavam
1022 991 1181 1054 omittitur
1207 993 1234 1054 in
1261 993 1316 1053 liu·

315 1085 389 1168 plici
406 1087 422 1148 1
441 1086 482 1149 el.
501 1088 625 1170 (quest.
644 1084 712 1168 45).

358 1181 377 1242 8
394 1178 505 1244 Cusus.
525 1179 584 1242 Die
599 1179 641 1242 50
670 1180 758 1243 Junii
779 1181 918 1245 occurrit
937 1180 1176 1292 Festum,guod
1205 1193 1317 1245 vocatur

314 1274 567 1340 Commemoratio
583 1273 617 1337 S.
633 1275 734 1338 Pauli
745 1275 902 1358 Apostoli,
929 1253 1073 1356 Dupliic7
1091 1285 1243 1360 praterea
1263 1277 1316 1340 dics

312 1369 398 1454 iufra
411 1367 557 1433 Octavam
570 1369 629 1432 SS.
643 1369 877 1452 Apostolorum,
893 1369 957 1432 dics
968 1368 1054 1453 iasra
1070 1368 1218 1433 Octavam
1230 1371 1261 1434 S.
1274 1372 1315 1433 Jo-

308 1466 398 1525 oam's
411 1466 558 1546 Baptista
572 1463 1313 1547 etQ

349 1558 528 1621 Resolulio.
543 1558 593 1622 Fit
607 1559 754 1622 Officium
769 1556 808 1621 de
822 1560 855 1621 S.
873 1558 985 1633 Paulo,
1002 1579 1076 1621 cum
1089 1558 1313 1621 Commemora-

307 1652 393 1715 tione
416 1652 450 1714 S.
478 1653 576 1729 Petri,
605 1651 722 1716 deinde
749 1652 876 1716 Octavae
905 1653 939 1714 S.
970 1650 1115 1731 loannis,
1142 1649 1311 1715 mim

308 1744 480 1810 Sfflfflte
496 1746 622 1831 (quest.
648 1749 689 1810 57
714 1759 746 1810 ct
768 1745 837 1829 44).

352 1839 517 1903 Omittitur
532 1840 799 1905 Commemoratio
812 1840 876 1903 diei
891 1841 973 1902 infra
985 1840 1141 1903 Octavam
1157 1843 1213 1905 SS.
1228 1840 1314 1926 Apos-

309 1936 459 2011 tolorum,
489 1955 528 1997 ne
546 1935 603 1998 'bis
629 1933 817 1998 eorumdem
844 1934 898 2000 fiat
923 1934 1206 2017 Commemoratio,
1232 1935 1313 2020 juxta

308 2028 444 2092 dicenda
474 2029 506 2091 iu
537 2028 598 2092 fine
632 2030 743 2114 capitis
759 2030 808 2111 115
828 2050 900 2092 nam
917 2026 958 2092 de
974 2029 1008 2092 S.
1025 2028 1127 2091 Paulo
1143 2029 1313 2093 factumest

308 2122 468 2200 Officium,
487 2121 574 2186 etde
591 2125 624 2188 S.
642 2126 737 2188 Petro
749 2123 818 2208 jam
834 2124 916 2188 faeta
930 2133 978 2186 est
1000 2121 1275 2187 Commemoratio.

348 2218 440 2281 Nota.
457 2218 623 2281 Peculiarc
645 2229 694 2282 est
714 2220 815 2283 Festis
831 2218 1059 2304 Apostolorum
1070 2219 1157 2283 Petri
1174 2232 1207 2282 et
1221 2219 1310 2298 Pauli,

308 2327 343 2380 ut
355 2314 484 2399 quando
500 2313 540 2377 de
562 2338 625 2379 nno
641 2316 675 2380 fir
699 2317 859 2398 Officium,
877 2315 918 2379 dc
933 2318 1032 2380 altero
1052 2316 1106 2380 fiat
1124 2316 1313 2381 Commemo·
1364 2377 1365 2380 ,

307 2412 400 2484 ratio,
425 2420 457 2473 et
486 2409 618 2495 quidem
641 2423 715 2476 ante
739 2434 849 2476 omnes
879 2412 956 2476 alias
986 2411 1310 2476 commemorationes.
1364 2385 1365 2472 l

305 2503 382 2569 Ideo
413 2507 444 2567 in
466 2506 559 2568 Festo
583 2505 743 2571 Catheclroe
760 2508 795 2571 S.
816 2509 918 2587 Petri,
937 2507 978 2570 18
993 2507 1150 2585 tannarii,
1173 2507 1211 2571 fit
1231 2507 1311 2571 Com·
1363 2511 1364 2598 4

305 2599 492 2662 memoratio
516 2600 549 2662 S.
579 2601 684 2663 Pauli.
718 2604 753 2665 In
779 2603 872 2665 Festo
909 2599 1126 2666 concursionis
1151 2603 1186 2666 S.
1214 2602 1310 2679 Pauli,
1362 2643 1363 2726 4

306 2691 348 2752 45
365 2691 521 2772 ianuarii,
538 2691 572 2754 fit
593 2693 860 2759 Commemoratio
885 2697 918 2759 S.
949 2695 1046 2758 Petri.
1065 2692 1156 2759 Idem
1178 2707 1311 2761 servatur

306 2784 338 2846 in
362 2784 454 2847 Festo
472 2783 633 2850 Catheclrce
658 2787 692 2850 S.
710 2789 802 2852 Petri
829 2789 1016 2871 Antiochiae,
1035 2792 1076 2853 44
1102 2790 1267 2854 Februarii
1287 2799 1311 2851 et
1361 2771 1362 2852 l

306 2878 338 2940 in
372 2877 663 2944 Commemoratione
687 2883 723 2945 S.
751 2883 869 2962 Pauli,
892 2885 934 2947 50
963 2885 1063 2948 Junii.
1085 2885 1152 2950 Cir.
1171 2886 1309 2952 Rubrice
1360 2899 1361 2978 4

304 2973 456 3055 speciales
485 2974 642 3038 Breviarii
674 2987 705 3039 et
733 2978 866 3040 Missalis
896 2976 1011 3042 diebus
1035 2981 1151 3045 citatis.
1170 2984 1207 3045 In
1230 2983 1308 3044 Festo

306 3061 413 3129 autem
438 3068 603 3154 utriusque
630 3070 802 3156 Apostoli,
839 3073 926 3158 quod
963 3075 1101 3138 occurrit
1136 3078 1181 3142 49
1209 3075 1306 3153 Junii,

305 3159 449 3222 neutrius
471 3161 504 3224 fit
525 3161 805 3252 Commemoratim
824 3168 900 3251 quia
919 3167 1041 3250 Oratio,
1060 3171 1165 3257 inquit
1183 3171 1305 3246 Missalc,
1358 3167 1359 3229 l

303 3262 350 3315 est
365 3253 492 3339 utrique
509 3259 699 3321 eommunis.
1357 3301 1358 3358 4

345 3351 365 3410 9
393 3345 503 3412 (lasus.
534 3351 592 3413 Die
616 3354 635 3414 4
661 3352 751 3431 tulii,
786 3355 914 3418 Festum
933 3357 1133 3422 Visitatioais
1150 3363 1191 3423 B.
1209 3363 1251 3422 M.
1269 3358 1304 3418 V.
1356 3427 1357 3438 ,

303 3443 455 3526 Deplorat
474 3444 513 3508 cl.
519 3493 528 3522 ‚
543 3444 660 3509 deinde
671 3448 734 3510 clius
748 3448 833 3533 iufra
849 3447 997 3512 Octavam
1011 3450 1069 3513 SS.
1083 3452 1303 3535 Apostolorum,
1356 3439 1357 3484 l

300 3537 404 3617 tertio,
419 3539 483 3603 dies
499 3540 584 3625 infru
610 3540 757 3606 Octavam
771 3544 806 3606 S.
821 3543 984 3626 Romulcli,
1003 3555 1164 3628 postremo
1188 3549 1304 3610 Festum

297 3630 356 3692 SS.
373 3631 518 3705 Processi
532 3646 559 3697 ct
572 3638 768 3716 Martiaiomi,
788 3638 939 3720 Simplex.

338 3724 517 3789 Resolutio.
535 3729 722 3793 Celebratur
743 3732 871 3796 Festum
898 3733 1097 3798 Visitationis
1119 3757 1192 3801 cum
1219 3735 1302 3798 Com·

294 3820 523 3882 memoratione
550 3823 708 3908 Simplicis
735 3826 766 3888 in
784 3825 947 3892 Laudibus
974 3840 1108 3894 tantum.

298 4006 307 4087 (
337 3909 501 4070 Omittipur
530 3928 634 3982 autem
679 3919 945 3986 Commemoratio
987 3927 1156 4012 utriusque
1186 3925 1299 4006 Oetam

310 4015 421 4090 quaest.
465 4009 529 4088 5).-

309 4099 381 4234 QO
404 4099 514 4168 Casus.
536 4103 595 4166 Dic
621 4108 641 4168 7
669 4110 765 4191 tulii,
795 4117 922 4178 nullum
954 4114 1093 4181 occurrit
1120 4115 1245 4178 Festum
1270 4066 1311 4175 in¹
