2794 4728
448 269 623 312 aaevtaau.
1006 251 1048 317 95

91 376 118 440 4.
133 373 286 441 Versibus
301 369 473 457 praedictis,
488 371 645 457 Tempore
659 373 804 437 Paschaii
816 395 944 460 semper
959 373 1049 439 addi·

54 481 106 553 tur,
120 468 255 555 Alleluja
271 491 280 532 r
297 487 361 530 uon
385 476 492 530 eutem
515 467 660 532 uersibus
680 469 830 546 Procum‚
848 489 907 533 neo
922 470 954 532 in
970 471 1049 534 Pre-

53 563 179 638 tiosa‚ad
190 563 343 646 Primam,
355 581 460 648 neque
475 560 507 625 ie
522 563 667 626 versibus
681 564 969 648 Responsorierum
984 565 1048 628 Ma·

53 659 147 723 tutini.

87 755 115 816 5.
138 755 173 816 ln
190 752 304 817 Officio
319 750 402 814 Festi
420 751 515 815 trium
525 753 726 832 Lectionum,
744 763 815 838 post
830 772 942 818 omnes
957 755 1049 818 Psei-

52 871 109 911 mos
118 849 254 912 Feriales
268 869 341 911 cum
354 844 555 930 Antiphonis,
566 846 684 912 dicitur
694 849 814 914 Versus
826 846 866 910 de
880 848 1047 914 Communi

51 946 238 1021 Sanctorum,
255 943 317 1005 hoo
332 939 462 1004 ordine:
480 942 573 1005 Feria
584 941 723 1006 secunda
742 952 773 1006 et
789 943 911 1028 quinta,
928 944 1048 1011 Versus

51 1039 132 1121 primi
145 1037 315 1100 Nocturni:
331 1035 423 1099 Feria
436 1035 528 1099 tertia
537 1047 568 1100 et
580 1047 679 1115 sexta,
693 1037 814 1103 Versus
825 1036 958 1102 secundi
971 1039 1050 1102 Noe·

48 1135 138 1195 turni:
154 1133 248 1195 Feria
264 1141 389 1218 quarta,
407 1129 527 1195 Versus
544 1131 628 1196 tertii
643 1132 809 1196 Nocturni.

84 1227 112 1288 6.
135 1227 254 1292 Versus
279 1224 372 1311 positi
394 1223 427 1285 iu
449 1225 603 1289 Psaltcrio
620 1223 660 1289 ad
677 1222 813 1308 Laudes,
831 1235 864 1290 ct
876 1226 1046 1310 Vesperas,

43 1342 156 1406 semper
171 1319 336 1399 dicuntur,
354 1317 484 1407 quando
501 1319 556 1383 aiii
572 1321 694 1406 proprii
711 1341 776 1384 non
795 1321 998 1410 assignantur
1013 1315 1057 1385 in‘

44 1417 167 1501 Proprie
183 1414 225 1478 de
241 1418 415 1502 Tempore.

61 1633 186 1710 XXV.
221 1635 277 1712 De
301 1631 610 1710 Aesotcuontees
638 1643 671 1710 et
700 1631 1024 1712 Bencdr'ctienibue

389 1761 473 1827 onte
491 1749 695 1828 Lectiones.

79 1984 108 2045 1.
126 1981 355 2045 Absolutiones
368 1991 398 2044 ct
407 1977 655 2044 Benedictioncs
667 1978 819 2044 dicuntur
830 1999 888 2065 per
899 1978 1046 2062 ordinem

39 2079 66 2139 in
81 2077 192 2141 Officio
209 2099 326 2140 novem
343 2077 529 2140 Lectionum
546 2085 619 2139 ante
642 2075 821 2155 Lectiones,
846 2085 883 2140 ut
899 2076 930 2140 in
948 2077 1049 2162 prima

38 2172 198 2235 Dominioa
221 2169 262 2234 dc
286 2169 438 2236 Adventu
453 2180 629 2255 ponuntur,
654 2171 790 2248 scilieet,
808 2180 878 2255 post
897 2171 1047 2254 Versum,

37 2265 125 2344 dicte,
144 2267 243 2328 Pater
257 2273 376 2346 noster,
400 2265 439 2328 Et
462 2286 501 2327 ne
521 2284 590 2345 nos,
608 2262 726 2327 dicitur
741 2263 921 2346 Absolutio,
945 2275 977 2330 et
989 2267 1050 2329 Bc-

40 2360 244 2442 eedictiones,
258 2369 294 2424 ut
310 2359 354 2423 ibi
369 2382 377 2422 :
392 2369 605 2444 praeterquam
619 2359 652 2421 in
665 2359 829 2422 Matutinis
842 2359 1047 2425 tenebrarum

39 2455 162 2540 majoris
171 2453 404 2535 Hebdomade,
420 2464 451 2517 et
461 2455 493 2516 in
505 2453 617 2516 Officio
628 2454 872 2532 Defunctorum,
889 2455 1051 2541 inquibus

38 2548 214 2626 Absolutie,
229 2560 260 2612 et
275 2547 526 2611 Benedictioncs
542 2569 605 2611 non
622 2547 787 2612 dicuntur.

76 2645 105 2707 ἓ.
131 2645 166 2708 Si
181 2643 237 2707 fiat
251 2641 399 2706 Officium
415 2643 511 2706 trium
528 2642 727 2721 Lectionum,
743 2651 775 2705 ot
790 2643 830 2706 sit
844 2641 884 2706 de
899 2643 1003 2720 Feria,
1017 2645 1049 2708 in

39 2759 93 2822 :pua
108 2739 244 2826 singulm
260 2747 323 2801 tres
346 2737 515 2801 Lectiones
538 2748 613 2802 sunt
628 2736 669 2800 de
686 2736 863 2821 Scriptura,
881 2737 1050 2803 Absolutie

39 2842 65 2893 et
78 2832 327 2898 Benedictioncs
340 2843 557 2895 sumunturex
565 2833 668 2917 prima
682 2831 846 2896 Dominica
862 2830 903 2896 dc
918 2832 1050 2898 Adven-

39 2935 76 3004 tu,
94 2928 155 2990 hoc
172 2926 306 2990 ordino:
324 2926 415 2989 Feria
428 2923 567 2990 secunda
584 2935 616 2990 ct
629 2927 751 3012 quinta,
771 2923 922 2990 dicuutur
943 2928 1048 2992 Abso-

38 3020 108 3084 lutie
128 3032 162 3085 et
183 3019 431 3086 Benedictiones
456 3019 548 3104 primi
572 3019 745 3084 Nocturni:
769 3019 861 3083 Feria
901 3023 994 3087 tortia
1017 3034 1049 3088 et

37 3127 128 3195 sexta,
145 3113 281 3182 secundi
309 3115 481 3180 Nocturni:
498 3114 590 3178 Feria
606 3125 718 3201 quarta
734 3123 766 3177 et
788 3114 940 3197 Sabbato,
963 3119 1047 3183 tertii

36 3210 204 3276 Nocturni.

74 3311 104 3373 5.
131 3313 166 3376 Si
192 3320 300 3374 autem
323 3309 457 3397 singula:
481 3319 545 3374 tres
568 3310 734 3376 Lectiones
758 3311 820 3374 sint
846 3307 886 3373 de
910 3311 1049 3376 Homiiia

34 3424 124 3488 super
147 3403 375 3490 Evangelium,
402 3402 572 3467 Absolutio
596 3405 714 3470 dicitur
736 3403 911 3470 secundum
927 3407 1047 3489 Furias,

34 3508 171 3585 utsupra
188 3522 196 3562 :
213 3496 460 3563 Benedictiones
472 3520 550 3564 vcro
566 3521 693 3585 sempor
705 3499 899 3566 dicunturut
911 3501 942 3563 in
957 3501 1049 3566 tertio

31 3593 201 3676 Nocturno,
229 3595 372 3658 seilicet:
394 3595 504 3657 Prima
529 3593 717 3660 Benedictio
751 3595 822 3672 crit,
855 3595 1049 3682 Euangeliou

32 3685 155 3751 Lectio:
176 3685 338 3767 Secunda,
355 3687 509 3751 Divinum
525 3689 699 3754 auxilium:
717 3689 834 3768 Tertia,
849 3687 900 3754 Ad
914 3690 1049 3754 societa-

31 3789 101 3844 tem.
120 3782 155 3846 Si
172 3783 208 3846 fit
221 3781 261 3845 do
274 3785 392 3846 Sancto
410 3781 507 3845 trium
523 3783 728 3862 Lectionum,
744 3782 914 3847 Absolutio
930 3783 1049 3848 dicitur

30 3874 205 3940 secundum
222 3877 341 3958 Fcrias,
358 3883 393 3940 ut
416 3897 533 3959 supra:
562 3875 810 3942 Benedictiones
827 3897 904 3943 vero
920 3899 1049 3964 semper

32 3967 181 4036 dicuntur
196 3980 232 4034 ut
254 3971 285 4034 iu
310 3971 404 4036 tertio
424 3971 598 4054 Nocturno,
619 3973 681 4038 hoc
704 3971 823 4037 modo:
846 3973 964 4054 Prima,
990 3975 1046 4038 Ilio

32 4083 83 4127 nos
97 4064 277 4130 Benedicat
292 4091 299 4130 :
318 4063 478 4158 Secunda,
495 4065 658 4152 Cujus,vel
670 4069 811 4149 Quorum
817 4117 825 4149 ,
837 4069 888 4130 vei
902 4067 1045 4149 Quarum

32 4154 143 4223 festum
162 4161 315 4226 colimne:
332 4159 450 4242 Tertia,
471 4159 521 4225 Ad
537 4163 735 4228 sociotatem.
