2750 4738
464 298 656 341 ronrrrrcrn.
995 273 1059 336 127

94 407 171 470 Item
186 403 381 491 prohibetur
396 422 471 466 usus
493 399 642 481 rochetti,
665 397 805 483 exeeptis
822 405 927 461 tamen
943 398 1061 483 quibus

58 499 175 586 dejure
192 497 357 583 competit,
375 506 408 560 et
424 504 541 581 prater
555 494 617 558 boc
638 493 798 570 statuitur,
817 500 849 555 et
863 489 1057 576 declaratur,

59 593 168 658 nemini
196 593 296 656 licere
327 590 496 671 inservire,
524 597 580 652 aut
610 585 756 651 assistere
782 586 816 648 in
844 584 1062 654 celebratione

58 686 216 750 Missurum
232 695 288 749 aut
298 682 482 750 divinorum
494 680 681 746 Officiorum
692 700 766 744 oum
780 679 938 760 rochetto,
956 705 1062 772 neque

59 803 121 844 cum
136 790 222 846 cotta
242 779 383 842 habente
405 776 548 841 manicas
569 785 718 861 augustus
743 771 885 838 adinstar
899 779 1061 844 rochettis

60 885 86 940 et
97 875 184 940 idem
200 873 395 940 servandum
410 881 458 936 est
474 870 506 934 in
521 869 742 936 concionibus.

94 971 285 1034 Parameuta
301 989 365 1031 non
380 964 502 1031 debent
515 966 598 1028 sumi
608 961 649 1029 dc
663 966 755 1028 altari
770 987 829 1051 pro
844 966 1063 1034 celebratione

60 1065 231 1142 Missurum,
249 1085 323 1127 eum
350 1059 384 1125 id
398 1069 559 1146 competat
580 1070 703 1124 tautum
728 1061 904 1146 Episcopis‚
930 1061 997 1129 sive
1011 1086 1063 1128 so-

60 1158 212 1235 lemniter,
229 1157 297 1222 sive
314 1155 463 1241 privatim
480 1153 666 1219 eelebrent:
692 1154 897 1218 inferioribus
912 1177 988 1222 vero
1008 1161 1065 1224 ba·

60 1250 202 1314 bentibus
215 1271 312 1313 usum
333 1247 582 1330 Pontifiealium,
600 1268 665 1310 non
687 1247 748 1311 nisi
764 1245 894 1334 quando
909 1250 942 1315 in
956 1253 1064 1318 Ponti-

60 1344 195 1409 ficalibus
211 1344 388 1409 celebrant.

96 1441 247 1518 Domum,
275 1439 461 1505 renovando
478 1437 607 1504 decreta
623 1440 701 1504 alias
716 1438 811 1520 faeta,
826 1439 957 1507 mandat
970 1444 1066 1508 Sacra

61 1531 268 1619 Congrcgatio
284 1535 317 1596 in
333 1533 483 1596 omnibus
499 1542 532 1597 et
556 1553 616 1616 per
641 1533 749 1596 omnia
774 1533 896 1598 servari
922 1536 1068 1601 rubricas
1097 1539 1099 1544 ’

62 1627 187 1692 Missalis
202 1627 340 1705 romani,
358 1649 423 1691 non
446 1627 592 1692 obstante
611 1647 816 1715 quocumque
839 1638 1006 1714 praetextu,
1035 1642 1068 1696 et

61 1721 215 1786 contraria
230 1721 476 1803 consuetudine,
496 1742 592 1808 quam
608 1723 744 1786 abusum
766 1743 834 1786 esse
850 1720 1002 1790 declarat.

98 1817 136 1880 Et
150 1817 235 1880 faeta
256 1817 412 1880 relatione
435 1818 550 1880 lrorum
569 1815 774 1883 decretorum
796 1818 854 1881 SS.
882 1820 922 1882 D.
939 1820 979 1885 N.
997 1820 1069 1885 Ull-

60 1910 166 1975 BANO
182 1909 273 1991 VIIl,
291 1911 449 1975 Sanctitas
463 1933 521 1975 sua
538 1913 661 1994 annuit,
677 1923 712 1992 et
727 1914 768 1977 ab
784 1914 932 1980 omnibus
947 1913 1069 2000 ubique

61 2007 188 2083 servari,
205 2005 283 2070 etin
297 2005 415 2069 Missali
432 2028 565 2071 romano
582 2009 709 2073 noviter
720 2006 935 2094 imprimendo
951 2009 1069 2094 apponi

62 2096 231 2165 mandarit.

422 2235 531 2298 lomus
552 2238 800 2318 Rosorocrosrus,
824 2235 937 2301 Secret.

396 2463 731 2499 mgr-vu·-

439 2666 522 2710 oanrs
544 2665 582 2709 nr
604 2664 700 2734 onan,

104 2859 182 2924 Cum
193 2853 363 2925 occasione
379 2862 513 2928 Missalis
537 2863 618 2949 typis
635 2865 738 2927 Sacrae
755 2863 1017 2950 Congregationis
1032 2863 1074 2929 de

64 2953 273 3041 Propagaoda
298 2955 377 3019 Fide
404 2979 527 3020 summa
554 2979 632 3022 eura
654 2979 691 3023 ac
715 2958 885 3046 diligentia
900 2960 1072 3025 novissime

66 3049 218 3134 impressi,
248 3060 280 3115 et
294 3050 485 3136 propediem
502 3053 633 3137 publico
659 3053 732 3117 usui
758 3051 953 3138 exponendi,
970 3056 1075 3118 Sacrae

65 3143 194 3207 Rituurn
210 3145 460 3232 Congregationi
477 3149 569 3210 enixe
585 3147 684 3210 suerit
702 3148 926 3232 supplicatum,
944 3157 981 3211 ut
996 3168 1074 3210 uon·

65 3240 150 3302 nulla
175 3237 442 3326 ejusdrm'Saerae
470 3241 732 3329 Congregationis
757 3240 898 3325 decreta,
911 3241 981 3327 jam
996 3243 1076 3306 alias

66 3331 149 3397 edita
164 3344 194 3399 et
208 3334 396 3420 approbata,
424 3337 458 3400 in
481 3335 633 3422 praedicto
656 3357 739 3402 novo
755 3337 872 3400 Missali
891 3338 1073 3403 summatim

67 3429 179 3512 apponi
195 3439 228 3494 et
243 3429 384 3515 imprimi
400 3452 506 3516 posse,
524 3431 664 3519 benigne
681 3430 859 3496 concedere
874 3429 1073 3517 dignaretur,

66 3523 234 3591 videlieet:

107 3620 205 3686 Missae
217 3645 276 3709 pro
292 3621 463 3703 defunctis,
473 3624 541 3690 sive
554 3621 594 3687 dc
605 3623 778 3708 Requiem,
793 3622 825 3685 in
837 3622 924 3686 festis
936 3619 1075 3707 duplici·

66 3712 124 3778 bus
139 3728 247 3784 eontra
261 3721 481 3806 praescriptum
496 3719 700 3784 rubricarum
714 3717 848 3781 Missalis
866 3717 989 3780 romani
1002 3719 1076 3780 nul-
1174 3798 1179 3805 .

68 3810 186 3875 latenus
200 3815 358 3879 celebrari
373 3813 505 3880 debent.
523 3813 618 3897 Quod
634 3814 660 3878 si
676 3836 716 3877 ex
732 3813 974 3876 benefactorum
990 3811 1079 3875 insti·

69 3903 186 3968 tutione
201 3909 303 3974 Missae
320 3908 506 3996 hujusmodi
526 3906 727 3974 celebrandae
742 3904 889 3971 incidunt
911 3905 943 3968 in
959 3904 1076 3968 iestum

71 3991 195 4082 duplex,
211 3993 298 4085 tune,
310 4025 351 4067 ne
364 4001 475 4067 dilatio
488 4004 656 4070 animabus
669 4001 819 4088 suffragia
835 3998 1078 4085 expectantibus

72 4085 257 4160 detrimento
280 4097 331 4180 sit,
356 4099 388 4162 in
416 4099 511 4162 aliam
533 4099 618 4162 diem
647 4118 712 4161 uon
728 4094 916 4183 impeditam
943 4092 1076 4156 minime

72 4186 309 4275 transferantur,
326 4191 383 4258 sed
394 4192 548 4268 dieantur
568 4192 609 4257 de
626 4193 707 4258 festo
723 4191 865 4258 currenti
881 4209 954 4253 eum
977 4186 1077 4271 appli-
