2754 4740
395 275 426 314 ru
443 275 593 314 nunurcus
619 273 792 315 rnsvrnnu.

469 442 632 516 SECTIO
652 441 711 514 ill.

414 676 450 717 lli}
465 673 601 718 nonatttttt
616 673 768 717 reuulsus

430 871 753 906 ψ

125 1040 203 1100 Post
223 1035 354 1101 traditas
369 1037 496 1121 regulas
511 1033 552 1096 ad
570 1036 729 1118 integrum
742 1031 888 1096 Officium
908 1043 1100 1118 spectantes,

79 1128 251 1217 agendum
275 1150 361 1192 ntrnc
385 1139 468 1192 esset.
491 1126 531 1189 de
558 1126 728 1211 majoribus
751 1125 852 1191 Officii
881 1128 1037 1212 partibus,
1061 1127 1103 1191 do

75 1225 213 1311 quibus,
232 1235 266 1286 ut
282 1222 421 1286 diximus
438 1223 541 1302 initio,
559 1223 590 1283 in
607 1221 759 1285 Rubrieis
775 1243 831 1285 sex
847 1231 921 1286 sunt
937 1222 1053 1301 Tituli,
1082 1247 1099 1286 a

74 1319 161 1381 XIII
172 1339 274 1402 nsque
298 1316 339 1381 ad
354 1318 474 1382 XVIII.
490 1316 569 1379 Cum
586 1326 692 1379 tamen
721 1316 787 1380 ista
813 1315 964 1380 Rubrieoe
995 1317 1101 1401 potius

75 1422 228 1496 spectent
240 1411 281 1475 ad
298 1411 428 1475 modum
448 1409 602 1473 recitandi
618 1411 834 1486 Breviarium,
853 1430 950 1495 quem
962 1411 1099 1496 quisque

74 1507 172 1591 praxi
190 1507 282 1571 laeile
299 1505 444 1589 addiscit,
463 1527 522 1569 nec
537 1506 715 1589 peculiares
744 1506 929 1569 contineant
962 1504 1100 1568 difficul-

74 1611 174 1680 tates,
207 1612 330 1665 tantum
363 1601 570 1666 tractabimus
601 1602 633 1663 iu
665 1601 726 1663 hae
752 1601 864 1662 ultime
896 1601 1035 1662 sectione
1059 1596 1099 1661 de

73 1694 276 1781 quibusdam
298 1695 400 1758 Officii
424 1694 568 1779 partibus
589 1693 784 1774 minoribus,
814 1713 884 1779 quae
906 1693 1099 1776 precipuum

74 1791 289 1853 attentionem
307 1800 482 1853 merentur.
514 1788 642 1851 Scilicet
663 1787 703 1850 'de
727 1787 872 1872 Hymuis,
890 1787 1096 1870 Antiphonis,

74 1883 260 1956 Versibus,
293 1882 499 1946 Orationibus
534 1893 566 1946 et
588 1883 812 1961 Lectionibus,
847 1881 887 1943 de
917 1880 1034 1966 quibus
1065 1882 1097 1943 in

74 1979 230 2041 Rubricis
254 1980 359 2063 agitur
376 1978 436 2040 Tit.
461 1977 532 2058 XX,
557 1977 643 2054 XXI,
669 1977 785 2054 XXIV,
812 1975 918 2041 XXVI
941 1985 972 2037 et
993 1974 1095 2038 XXX.

396 2189 423 2278 ξ.
448 2189 482 2256 l.
516 2187 571 2257 lle
596 2183 770 2280 Hymm's.

389 2410 393 2416 ·
495 2403 571 2484 (Ins.
596 2402 682 2480 uu).

119 2611 241 2692 Quaest.
271 2612 324 2672 66.
355 2610 432 2687 Qnae
455 2620 527 2671 snrtt
553 2610 674 2692 Hymni
695 2617 812 2690 portes,
837 2619 864 2668 et
890 2609 992 2690 queatis
1013 2621 1094 2674 strn-

76 2701 198 2768 eture?
244 2721 246 2725 ’

117 2802 162 2862 R.
180 2799 324 2884 Hymnus
340 2811 489 2885 quatuor,
503 2809 538 2860 nt
555 2797 739 2881 plurimum,
755 2807 877 2859 constat
893 2798 1048 2880 partibus.

124 2895 169 2954 1⁰.
196 2890 328 2955 Exordii
347 2895 416 2957 loeo
435 2891 583 2977 praemitti
599 2892 679 2952 solet
694 2892 745 2952 rel
762 2892 919 2955 invocatio
936 2893 1092 2975 Numinis,
1173 2905 1176 2912 '

75 2996 155 3070 puta
173 2985 301 3050 Creator
319 2987 398 3050 altre
412 2987 752 3065 siderum-Meroe
767 2985 821 3047 lue
842 2986 1093 3069 credentium,-

72 3082 161 3161 Jesn,
179 3081 362 3164 Redemptor
384 3085 531 3157 eundem,
549 3116 592 3125 -
607 3079 733 3142 Intende
753 3082 829 3143 votis
850 3080 1024 3164 supplicum
1046 3083 1091 3166 (iu

72 3173 258 3260 Advento);
275 3177 328 3240 rel
340 3177 485 3240 invitatio
497 3195 554 3238 seu
567 3173 690 3260 rogatio
706 3172 747 3237 ad
763 3172 962 3236 laudandum
973 3175 1088 3258 Deum,

73 3293 106 3335 v.
128 3294 161 3357 g
185 3272 296 3355 Punqe
311 3271 432 3356 dinone,
450 3271 579 3356 oloriosi
590 3301 625 3314 ·-
640 3265 785 3352 Corporis
802 3272 994 3353 mysterium,
1014 3279 1090 3352 cte,

74 3366 128 3426 rel
145 3362 285 3450 denique
301 3366 507 3448 celebritatis,
531 3385 601 3450 quae
617 3364 733 3449 agitur,
753 3361 964 3443 denuntiatio,
993 3372 1029 3426 ut
1058 3364 1090 3426 in

73 3460 202 3540 Hymno
232 3461 292 3522 Iste
325 3459 489 3542 Confessus·
516 3461 654 3537 Domim',
687 3457 813 3521 colentes
842 3494 884 3504 -
914 3457 1012 3535 Quem
1036 3461 1089 3540 pie

74 3553 206 3616 lucidant
213 3555 326 3638 populi
335 3577 391 3639 per
404 3557 517 3636 orbe-m,
536 3565 598 3618 cte.

120 3651 167 3712 2⁰.
187 3647 400 3736 Subjungitur
427 3652 533 3715 statim
559 3651 626 3735 ipsa
645 3651 787 3736 mysterii
811 3657 867 3711 aut
885 3647 1087 3730 Sartctorum,

74 3742 116 3805 de
143 3744 259 3828 quibus
274 3743 320 3823 fit,
339 3743 587 3828 commendatio,
601 3746 669 3811 sire
685 3766 745 3830 per
760 3743 938 3828 simplicem
963 3761 1091 3804 enarra·

76 3838 209 3918 tionem,
240 3847 298 3901 ul:
334 3839 399 3918 Qm'
424 3843 509 3925 pius,
525 3840 674 3923 prudens,
693 3837 831 3915 humilis,
860 3835 992 3920 pudicus
1012 3844 1088 3916 ete,

74 3933 145 3998 sive
170 3953 223 4014 per
241 3931 373 3996 modum
393 3935 646 4020 compellationis
666 3932 708 3997 ad
728 3931 890 3995 Christum
915 3939 970 3992 aut
991 3929 1087 3992 Sanc·

76 4035 138 4100 ῑοε,
159 4046 187 4086 r.
206 4049 237 4110 g.
258 4026 292 4089 V
290 4047 323 4089 os
338 4028 519 4090 secederem
531 4028 653 4113 jndices
670 4027 724 4112 (de
737 4024 906 4088 Communi
919 4023 1088 4107 Apostolo-

76 4117 165 4197 rum]
182 4130 241 4183 etc.
