2806 4736
379 191 409 235 ns
424 191 577 238 nursicus
591 193 740 241 ursanus.
1030 168 1085 233 915η

53 298 121 384 jam
143 295 291 382 oprimis
303 295 455 382 Vespcris
477 297 644 366 liestorum
659 299 874 386 tanlquam
895 297 916 362 2
936 241 1082 465 cl&¹

59 393 149 458 alitcr
161 391 203 466 ab
217 387 389 458 Ordinario
404 390 503 476 fucrit
516 392 748 479 praescriptum.

98 486 218 569 Quasi.
233 485 309 552 172.
335 484 391 553 Aa
406 483 541 552 comdant
565 505 683 573 semper
706 485 818 554 Oratio
841 485 929 554 itabat
950 485 1073 554 conclu·

58 578 199 648 sionem?

98 677 141 752 R.
152 675 320 764 Negativs.
331 675 393 744 Vel
408 677 495 744 onim
510 679 557 746 1⁰.
573 676 683 744 Oratio
699 675 863 766 dirigitur,
875 677 911 744 ut
926 676 996 742 lars
1006 697 1077 743 orn·

59 789 125 851 aas,
144 767 187 838 ad
211 772 316 838 Deum
334 772 477 857 Patrem,
494 782 528 840 ct
548 783 626 841 tunc
651 770 855 840 concluditur
874 772 926 838 his
946 773 1073 840 verbius

58 867 122 932 Per
135 865 308 944 Dominum
320 876 463 934 nostram
477 869 585 934 «lnam
598 866 759 934 Christum
773 866 999 948 Filinrntasrsn
1022 871 1092 954 qai'

59 973 155 1026 tecum
164 962 241 1028 uicit
257 969 286 1026 ct
300 971 410 1048 regnat
424 965 459 1028 in
474 965 593 1030 nnitatc
606 963 746 1048 Spiritus
760 961 871 1026 Sancti
898 963 995 1044 Dans,
1019 982 1091 1046 pcr-

59 1057 162 1118 omnio
176 1053 495 1142 sacalasaculorurn,
511 1044 627 1124 Amen.
649 1055 808 1124 Additur:
838 1055 976 1122 eamdam
1002 1065 1077 1120 ann

58 1149 239 1227 Dominum,
263 1148 393 1235 quando
410 1151 443 1218 in
453 1153 614 1240 principio
625 1155 679 1220 uel
693 1153 728 1218 in
743 1149 852 1218 medio
867 1150 1029 1218 Orationis
1043 1151 1079 1215 lit

59 1244 180 1312 mentio
189 1243 274 1308 Filii.
287 1243 703 1333 omissts'pracsdenubus,
719 1245 842 1312 directa
857 1242 1092 1312 concluditarz·

59 1341 113 1424 qai
139 1349 238 1404 tecam
258 1341 334 1404 uiuit
355 1349 433 1425 eta,
461 1341 592 1429 quando
615 1342 649 1408 in
672 1340 736 1406 linc
767 1338 930 1407 Orationis
950 1337 1024 1404 Filii
1043 1335 1079 1400 lit

60 1433 195 1499 mentio.
433 1487 435 1494 ,
546 1434 552 1446 “

107 1527 169 1594 Vol
185 1529 231 1595 2⁶.
248 1529 359 1597 Oratio
374 1527 525 1619 dirigitur
547 1527 590 1596 ad
613 1530 744 1608 Filium,
767 1548 832 1616 quo
857 1547 933 1594 casu
948 1526 1080 1592 conclu·

61 1621 106 1684 sio
121 1620 200 1686 crit:
225 1623 291 1704 Qui
309 1626 389 1689 uiuis
409 1635 439 1690 et
463 1645 575 1712 regnas
601 1645 670 1692 curn
691 1625 756 1690 Dco
779 1623 880 1690 Patre
903 1625 939 1688 in
963 1622 1096 1688 unitata

61 1713 199 1800 Spiritus
209 1717 319 1784 Sancti
328 1720 425 1800 Dens,
439 1740 497 1808 per
511 1721 615 1786 omnia
630 1719 744 1786 scroto
757 1718 953 1800 aneatorum,
965 1719 1079 1793 Amen,

27 1806 32 1810 ’
62 1803 172 1876 addito
195 1811 328 1878 iterum:
344 1834 413 1878 can
429 1813 531 1880 eodem
544 1815 719 1881 DeoPatre
733 1813 916 1901 etreliqua,
931 1809 1095 1877 siOratio

62 1901 447 1974 Patrsmcommemoret.

107 1995 249 2064 Tandem
261 2000 288 2064 si
299 2001 333 2066 in
344 1999 509 2084 Oratione,
522 2025 594 2092 qun
609 2024 699 2071 snam
716 2002 816 2068 habet
829 1998 1093 2078 conclusionem„

62 2093 115 2160 liat
126 2094 250 2160 mentio
262 2095 400 2182 Spiritus
422 2097 530 2164 Sancti
545 2101 646 2183 (nulla
659 2097 748 2164 enim
764 2095 875 2162 Oratio
896 2089 940 2162 ad
954 2092 1081 2158 tertiam

64 2193 119 2258 SS.
138 2192 301 2258 Trinitatis
315 2196 490 2260 Personam
507 2193 673 2285 dirigitur)
687 2196 723 2261 in
737 2193 945 2262 conclusione
966 2188 1082 2276 adjici·

64 2297 137 2351 turs
164 2286 300 2374 ejusdcm
314 2298 388 2352 anto
403 2289 543 2374 Spiritus
557 2291 677 2374 Sancti,
692 2299 755 2356 etc.

106 2382 476 2466 Quaest.175.Qaando
498 2385 608 2472 plures
623 2385 772 2452 dicantur
799 2381 976 2465 Orationcs,
1003 2400 1097 2468 qna·-

65 2499 136 2541 nam
157 2477 365 2544 terminantur
375 2499 434 2544 aaa
457 2481 662 2564 conclusione,
681 2491 709 2547 et
723 2477 906 2568 quibannam
928 2475 1084 2562 prnponi·

65 2584 139 2637 turs
159 2570 323 2636 Oramus?

107 2669 153 2734 R.
175 2667 306 2748 Quando
317 2667 463 2734 dicantar
475 2668 583 2756 plures
597 2666 773 2749 Orationes,
786 2663 892 2752 prima
905 2669 1028 2726 tantum
1041 2661 1045 2668 “
1057 2669 1085 2722 ct

65 2761 179 2828 ultima
196 2783 264 2828 cnm
278 2785 336 2830 sna
350 2764 543 2830 conclusione
557 2765 776 2843 terminantur,
801 2768 828 2822 ct
857 2765 927 2822 ante
948 2751 1096 2838 primun

67 2870 93 2924 el
108 2857 276 2924 secandam
292 2859 470 2927 Orationem
488 2868 609 2924 tantam
624 2857 753 2924 dicitur:
765 2854 912 2920 Oramus.
923 2849 1007 2915 Ante
1018 2850 1097 2932 pri·-

67 2973 151 3016 mam
168 2952 284 3016 dicitnr
298 2957 407 3020 ctiam:
425 2953 582 3020 Dominus
596 2951 764 3019 vobiscum
776 2947 851 3035 (Tit.
863 2943 939 3024 vll,
951 2964 985 3008 ὓ·
997 2941 1045 3026 7)-

109 3045 152 3109 In
167 3046 293 3131 Duplici
309 3056 416 3114 minen
437 3067 512 3114 casu
530 3047 634 3132 prima
661 3055 693 3111 et
725 3039 865 3110 secunda
887 3037 997 3104 Oratio
1025 3033 1099 3098 sub*-

65 3139 166 3205 unica
181 3139 372 3206 terminatur
387 3140 608 3207 conclusione:

107 3233 145 3298 1⁰
165 3223 305 3315 'Quando
320 3235 415 3300 Missa
427 3233 469 3299 de
485 3231 537 3300 die
550 3228 755 3298 substituitur
770 3229 873 3294 Missoe
887 3223 1013 3292 votivo
1037 3245 1086 3288 so·

64 3326 165 3391 lemni
171 3350 182 3409 ;
208 3336 285 3393 tunc
300 3329 388 3394 cnirn
398 3330 509 3396 Oratio
524 3329 650 3394 Votivae
663 3344 737 3389 cnm
752 3322 904 3388 Oratione
927 3316 1029 3384 Missa
1044 3311 1096 3380 dc·

65 3417 117 3484 die
134 3419 328 3508 uniturtsub
343 3443 408 3488 una
422 3423 639 3502 conclusione,
657 3415 775 3482 deinde
791 3415 817 3479 si
833 3433 897 3478 una
908 3412 960 3477 vel
976 3412 1096 3496 plures*

65 3511 393 3580 Commemorationcs
403 3515 436 3580 in
452 3517 548 3581 Missa
561 3511 626 3580 diui
640 3513 732 3576 lactan
747 3519 832 3589 sunt,
848 3506 899 3569 hae
910 3503 971 3568 sub
986 3505 1094 3568 altera:

65 3605 278 3674 terminandae
293 3620 388 3675 crunt
400 3609 605 3676 conclusione
621 3614 733 3695 quaest.
745 3601 799 3686 95,
814 3599 935 3682 sonat
948 3606 981 3661 ot
994 3595 1094 3661 alibi..

109 3703 145 3766 2·
168 3700 305 3784 Quando
335 3703 474 3770 Collecta
503 3705 560 3769 SS.
586 3697 795 3778 sacramenti,
826 3705 863 3760 ut
894 3689 1016 3757 dictum
1039 3701 1094 3756 cst·

66 3806 181 3882 quaest.
201 3797 277 3879 167,
305 3797 455 3864 addenda
466 3808 515 3863 est
526 3799 558 3862 in
574 3795 676 3860 Missis
690 3789 891 3856 Fastoruml
917 3795 949 3851 ct
978 3785 998 3848 2
1029 3787 1085 3869 cl.,

65 3897 147 3955 tunc
162 3890 280 3954 iterum
296 3894 406 3958 unitur
422 3893 533 3958 Oratio
554 3891 656 3957 Missae
672 3907 745 3955 cum
763 3883 902 3950 Collecta
918 3880 1087 3946 Sanctissi-

66 3986 111 4050 mi
128 3985 191 4050 sub
206 4005 270 4050 una
284 3989 500 4054 conclusione.
517 3987 612 4054 Ratio
629 3995 677 4051 est
691 3982 767 4070 quia
786 3973 973 4065 hujusmodi
995 3975 1094 4038 Festa

66 4096 168 4144 unum
182 4089 306 4146 tantum
319 4082 440 4148 habrre
455 4080 576 4148 debent
594 4079 780 4145 Orationem
796 4074 908 4140 saltem
935 4071 969 4134 in
993 4067 1094 4132 Missa
