2754 4740
302 217 344 280 56
709 231 902 282 nnnsrronas

346 333 509 402 Secunda.
531 335 568 396 ln
599 333 830 399 concurrentia
847 332 1033 397 Officiorum
1049 335 1130 396 ritus
1157 346 1186 397 et
1215 335 1333 400 elassis

302 433 492 520 equalium,
524 430 674 512 Vesperae
704 429 897 515 regulariter
916 475 918 480 .
935 424 1127 492 dividuntur
1135 475 1147 508 ,
1175 429 1258 494 adeo
1293 443 1332 494 ut

301 527 419 593 Psalmi
434 547 507 590 cunr
528 523 722 608 Antiphonis
744 523 807 586 sint
835 521 876 585 de
892 519 1003 585 Officio
1028 521 1236 607 precedenti,
1269 525 1333 590 Ca·

303 625 439 709 pitulum
454 641 531 684 vero
548 640 621 682 cum
636 618 768 704 reliquis
781 618 836 681 fiat
851 614 892 679 dc
908 619 1066 702 sequenti,
1081 639 1156 682 cum
1172 616 1333 683 Comme-

303 717 480 784 moratione
495 711 718 800 precedentis.

345 811 518 898 Inaequalia
528 818 636 873 autem
647 820 721 872 sunt
735 807 845 873 Officia
861 809 924 872 hoc
939 807 1079 872 ordine:

348 908 380 972 l⁰
402 903 548 990 Duplicia
569 904 585 966 l
605 903 661 985 cl.,

345 1004 378 1066 2⁰
401 1000 549 1084 Duplicia
572 998 665 1080 acl,

347 1097 381 1160 5⁰
403 1093 550 1178 Duplicia
575 1091 711 1176 majora,

348 1193 381 1255 4·
403 1187 549 1273 Duplieia
570 1187 694 1250 minora
710 1198 742 1251 et
757 1186 826 1251 dies
838 1188 978 1272 Octava,

348 1288 382 1349 5⁰
405 1281 645 1366 Semiduplieia,
660 1283 836 1346 Dominicae
852 1292 884 1346 et
899 1281 967 1345 dios
983 1282 1223 1358 inlraOctavas,

347 1384 381 1445 6ο
405 1378 582 1463 Simplicia.
1304 1461 1306 1465 Ι

347 1474 417 1537 Sint
438 1472 583 1553 exempla
599 1471 793 1557 sequentia.
819 1469 878 1532 Die
906 1471 948 1532 14
971 1469 1115 1532 lanuarii
1138 1471 1271 1534 Festum
1290 1471 1331 1534 S.

307 1569 436 1646 Hilarii,
455 1567 588 1650 Duplex,
616 1568 777 1631 concurrit
798 1586 871 1630 curn
886 1567 979 1629 Festo
994 1565 1031 1629 S.
1052 1567 1154 1631 Pauli
1166 1568 1334 1647 Eremitae,

309 1661 459 1746 Duplici,-
476 1661 625 1744 Vesperae
656 1669 749 1724 erunt
775 1658 815 1723 de
839 1660 873 1722 S.
891 1660 1027 1738 Hilario,
1050 1659 1108 1724 sed
1138 1661 1335 1745 aCapitulo

312 1749 352 1814 de
370 1750 404 1812 S.
419 1749 519 1811 Paulo
538 1768 611 1810 cnm
628 1746 937 1810 Commemoratione
955 1747 989 1809 S.
1003 1747 1130 1812 Hilarii.
1147 1751 1336 1834 Utrumque

310 1844 396 1908 enim
407 1843 536 1906 Festum
553 1850 600 1904 est
615 1838 760 1926 ejusdem
777 1841 857 1904 ritus
879 1841 1022 1926 Duplicis
1037 1840 1182 1908 minoris.

353 1939 412 2002 Dic
428 1936 470 1999 15
496 1935 653 2017 Jnnuarii,
681 1935 712 1998 in
739 1937 832 1999 chto
862 1935 897 1999 S.
929 1935 1041 2014 Pauli,
1069 1937 1209 2022 Duplici,
1240 1939 1335 2025 quod

291 2030 472 2107 ,concurrit
498 2049 571 2092 cum
595 2028 688 2093 Festo
708 2029 742 2093 S.
760 2029 909 2109 Marcelli,
926 2029 1132 2115 Seruidupliei
1146 2056 1159 2110 ,·
1174 2034 1334 2117 Vesperae

288 2118 443 2210 {integrae
461 2123 543 2212 fiunt
553 2121 594 2186 de
609 2123 731 2208 majore
747 2125 868 2188 scilicet
890 2122 931 2188 dc
948 2125 982 2188 S.
999 2126 1113 2204 Paulo,
1135 2149 1207 2191 cum
1234 2127 1337 2191 Com-

292 2205 542 2324 memoratione
557 2218 702 2299 minoris,
718 2219 870 2283 nimirum
884 2220 918 2283 S.
936 2220 1091 2283 Marcelli.
1200 2225 1206 2236 ”

354 2311 413 2378 Die
436 2313 478 2374 27
492 2312 593 2394 lunii,
618 2313 757 2377 occurrit
783 2314 848 2377 dies
871 2314 959 2399 iufra
981 2313 1129 2379 Octavum
1145 2317 1181 2380 S.
1197 2318 1337 2381 Jourenis

312 2413 472 2495 Baptistee,
481 2406 533 2480 die
546 2429 624 2472 vero
634 2408 793 2495 sequenti,
805 2409 935 2473 Festum
950 2409 985 2474 S.
996 2411 1105 2474 Leonis
1115 2409 1336 2496 Semirlupleu,

311 2493 467 2588 Vesperae‘
491 2511 584 2566 eruut
612 2498 653 2563 de
680 2499 732 2564 die
757 2502 838 2564 inira
872 2502 1038 2584 Octavam,
1071 2503 1261 2589 aCapitulo
1294 2504 1336 2569 de

313 2599 346 2662 S.
371 2599 478 2661 Leone
502 2608 563 2661 etc.

357 2693 476 2774 Quaest.
499 2693 553 2755 62.
584 2693 710 2754 Dictum
737 2701 780 2754 est
805 2693 839 2754 iu
870 2690 979 2776 repulu
1010 2693 1156 2771 rectruda,
1175 2694 1334 2778 Vesperies

313 2786 498 2872 repuleriter
519 2784 681 2849 dimidiari
695 2788 729 2848 iu
746 2782 952 2849 Concureutiu
975 2786 1142 2871 equalium
1156 2790 1262 2874 qrroed
1286 2793 1334 2853 ri-

313 2893 378 2945 tum
394 2904 406 2959 ,·
423 2902 490 2968 quie
512 2890 585 2944 suut
597 2881 782 2962 exceptiones
799 2879 835 2942 ab
848 2883 908 2943 istu
920 2879 1064 2966 rapula?

356 2977 398 3039 R.
417 2977 610 3061 Sequentes:
630 2974 751 3037 Prima.
766 2976 803 3036 ln
819 2974 1052 3040 Concurrentia
1066 2978 1239 3056 aeqrralium
1254 3003 1335 3067 quo·

313 3067 354 3133 ad
369 3070 466 3132 ritum
492 3079 525 3132 et
549 3072 696 3144 classem,
714 3071 890 3154 praevalent
905 3071 1056 3155 Vespcrae
1068 3073 1153 3136 Festi
1166 3077 1330 3158 primarii,

313 3161 410 3226 modo
426 3162 506 3226 ritus
527 3163 566 3226 sit
596 3165 707 3226 saltem
737 3164 880 3248 Duplieis
903 3162 1046 3247 majoris,
1074 3176 1110 3230 ut
1126 3164 1258 3232 -dictum
1284 3181 1334 3233 est

314 3255 355 3322 de
371 3257 580 3322 Occurrentia
596 3258 722 3343 (quaest.
737 3257 806 3342 58).

326 3367 328 3372 '
356 3351 433 3416 Ideo
465 3353 497 3416 in
522 3352 751 3418 concurrentia
775 3353 808 3416 V
807 3355 974 3419 isitutiouis
993 3359 1034 3421 B.
1051 3359 1096 3419 M.
1115 3356 1149 3419 V
1150 3403 1172 3435 .,
1201 3358 1333 3442 Duplex

250 3475 251 3480 ¹
315 3451 335 3512 ἢ
350 3451 391 3514 el.
412 3448 444 3532 (2
457 3448 475 3511 J
478 3447 548 3532 ulii)
558 3458 590 3511 et
603 3445 687 3510 Festi
702 3448 930 3511 Pretiosiesimi
940 3448 1113 3535 Saupuiuis
1125 3450 1168 3512 D.
1182 3451 1223 3514 Ν.
1238 3453 1275 3515 J.
1293 3451 1330 3516 C.

315 3545 411 3607 etiam
423 3543 549 3626 Duplex
565 3541 585 3603 2
601 3541 643 3604 cl.
664 3540 869 3622 (Dominical
884 3541 976 3628 Julii)
987 3544 1137 3628 Vespere
1152 3565 1217 3608 non
1229 3543 1332 3614 dimi-

313 3632 443 3699 diantur
456 3654 475 3695 a
490 3633 648 3719 Capitnlo,
665 3632 721 3698 sed
739 3632 875 3698 fiuntdc
890 3635 1092 3716 Visitatione,
1106 3647 1217 3722 utpote
1232 3639 1332 3705 Festo

312 3729 466 3813 primario
483 3730 522 3791 B.
540 3729 583 3792 M.
597 3728 640 3794 V.
664 3750 736 3793 curn
765 3727 1076 3794 Commemoratione
1101 3732 1332 3798 Pretiosissimi

313 3822 496 3908 Sanguinis,
510 3821 598 3910 quod
622 3823 751 3889 Festum
777 3834 824 3889 est
845 3826 975 3890 Domini
999 3826 1226 3897 secundarium
1256 3839 1331 3894 tan-

312 3925 394 3979 tum.
415 3967 417 3969 .

357 4011 452 4096 Quod
466 4014 492 4078 si
508 4027 679 4105 utrumque
696 4019 825 4083 Festum
842 4019 882 4084 sit
897 4041 987 4106 aequc
1003 4021 1193 4107 primarium
1209 4023 1263 4087 vel
1280 4045 1330 4087 se·

313 4108 515 4208 cundarium,
533 4113 706 4195 praevalent
721 4113 871 4198 Vespera
893 4115 978 4181 Festi
996 4137 1138 4202 persone
1154 4109 1326 4204 dignioris.
