2806 4736
526 451 721 537 INDEX.

310 652 507 716 nnnnicn
529 651 747 717 nnnvnnn
772 651 946 716 nonin.

219 845 345 917 Buttoe
367 847 573 942 Pontificioe
586 861 621 916 et
637 847 799 917 Decreta
816 845 858 919 S.
879 847 1034 918 Rituum

460 965 785 1058 Congregationis.

117 1161 213 1224 Bulla
228 1161 275 1222 Pii
291 1159 386 1243 Papae
402 1159 440 1223 V.
592 1203 594 1208 ,

118 1253 212 1316 Bulla
229 1254 398 1318 Clementis
413 1255 508 1339 Papae
524 1255 609 1318 VIII.

4 1421 9 1437 ι
118 1346 214 1410 Bulla
230 1348 351 1412 Urbani
368 1349 463 1434 Papae
478 1349 564 1414 VIII.

120 1443 256 1506 Decreta
278 1444 310 1506 S.
329 1445 462 1508 Rituum
478 1443 749 1530 Congregationis.

354 1631 409 1700 De
426 1633 539 1701 Anno
561 1641 596 1699 et
613 1634 697 1723 ejus
712 1625 898 1728 partibus.

119 1829 166 1890 De
182 1831 257 1891 anni
271 1827 468 1893 correctione
486 1824 618 1908 ejusque
637 1825 834 1906 necessitate,
848 1844 887 1886 ac
898 1823 1066 1889 Kalenda-

164 1924 211 1986 rio
231 1922 433 2008 gregoriano.
1091 1921 1131 1982 17

2 2006 11 2029 ’
118 2017 166 2078 De
184 2015 328 2096 Quetnor
343 2012 565 2097 Temporibus.
972 2007 974 2014 ’
1091 2013 1131 2075 18

4 2159 8 2175 .
119 2107 244 2194 Nuptiae
260 2106 391 2194 quando
408 2106 566 2171 celebrari
583 2129 648 2171 non
664 2105 785 2191 possint
794 2105 888 2191 juxta
901 2105 1067 2170 decretum

163 2203 295 2268 Concilii
312 2203 500 2267 Tridentini.
742 2237 744 2240 ·
1093 2204 1133 2267 18

116 2301 164 2362 De
180 2299 274 2384 Cyclo
292 2298 568 2364 decennovennali
583 2299 681 2364 Aurei
700 2302 836 2364 numeri.
1091 2299 1132 2361 19

117 2391 231 2456 Modus
243 2393 349 2456 brevis
362 2392 725 2476 cognoscendillurcum
736 2413 907 2456 numerum
920 2390 1075 2476 cujusque

161 2489 248 2551 anni.
1092 2489 1133 2552 20

116 2582 164 2644 De
179 2582 306 2665 Epactis
327 2590 358 2643 et
372 2581 559 2644 Noviluniis.
675 2631 678 2640 .
900 2580 902 2585 ’
1092 2583 1134 2645 20

116 2675 164 2736 De
180 2674 368 2746 Indictione.
862 2672 865 2677 ’
1091 2679 1135 2741 26

118 2769 166 2830 De
184 2768 281 2832 Festis
298 2768 482 2832 mobilibus.
1090 2771 1131 2836 27

120 2861 244 2926 Tabula
259 2864 422 2927 Paschalis
439 2863 579 2948 Antiqua
598 2863 798 2926 Reformata.
1089 2866 1131 2928 52

117 2957 240 3021 Tabula
257 2958 420 3021 Paschalis
434 2957 523 3020 Nova
542 2957 741 3021 Reformata.
1090 2960 1131 3022 54

0 3099 1 3132 3
116 3051 248 3116 'labella
265 3052 470 3136 Temporaria
489 3052 654 3115 Festcrnm
675 3049 852 3117 Mobilium.
871 3095 884 3103 .,
1089 3057 1130 3120 56

116 3142 362 3208 KalendarIum.
943 3190 946 3194 -
1089 3151 1130 3217 58

293 3330 489 3426 ‘Rubricoe
505 3334 700 3428 generales
718 3335 929 3418 Breviarii.

0 3511 2 3534 ⁸
115 3529 143 3590 1.
290 3498 631 3613 neofficionupnn.

114 3625 158 3686 ΙΙ.
226 3651 227 3654 “
287 3623 333 3687 De
352 3625 462 3689 Officio
479 3624 697 3710 semiduplici.

1 3749 2 3772 i
115 3722 174 3784 III.
287 3720 334 3784 De
353 3722 462 3786 Officio
480 3722 635 3806 snnplin.

1 3800 2 3866 f
115 3817 172 3882 iv.
238 3818 534 3882 vnenomnsns.

1 3903 2 3924 ¹
115 3910 156 3975 V.
292 3911 338 3975 De
355 3913 463 3977 Feriis

1 3987 160 4079 ivi

165 4062 172 4077 .
292 4017 338 4078 De
354 4016 486 4100 Vigiliis.

1 4149 2 4168 2
113 4107 187 4170 VII.
291 4106 337 4171 De
355 4108 491 4172 Octavis.
