2754 4740
314 255 401 298 airus
424 257 613 298 cassaneam
637 255 761 299 nrsssu.
907 287 910 292 .
986 239 1052 302 177

48 365 74 424 iu
97 364 187 426 uitam
203 375 359 426 eternum.
376 361 491 443 Amen,
521 371 552 423 et
576 380 610 423 se
636 360 803 440 inclinans,
822 362 938 427 cubitis
954 385 1052 450 super

47 447 137 520 altarc'
155 457 277 541 positis,
303 465 492 521 reverenter
514 452 642 518 easdem
669 454 779 519 ambas
796 467 901 540 partes
927 461 1047 541 sumit,

47 550 152 636 quibus
187 550 338 635 sumptis,
371 547 505 634 deponit
538 550 693 612 Patenam
730 570 826 634 super
863 551 1049 638 Corporale,

46 656 72 707 et
85 645 209 730 erigens
221 665 268 728 se,
279 644 401 730 junctis
425 641 586 708 indicibus
602 653 635 707 et
645 643 824 729 pollicibus,
843 647 953 712 ambas
968 671 1053 736 quo·

46 761 100 824 que
114 760 229 802 manus
245 748 319 803 ante
334 739 450 802 faciem
462 739 584 824 jungit,
610 747 641 802 et
657 739 893 825 aliquantulum
915 743 1051 828 quiescit

47 835 73 896 in
87 832 294 897 meditatione
317 833 505 897 sanctissimi
523 825 733 897 sacramenti.
755 833 880 898 Deinde
897 833 1052 920 depositis

48 929 195 1010 manibus,
212 927 291 992 dicit
306 938 429 992 secreto
445 950 452 992 r
475 927 562 1007 Quid
576 926 745 992 retribuam
757 930 893 994 Domino
913 951 972 1013 pro
987 953 1053 994 om·

47 1023 124 1084 rribrrs
139 1044 208 1107 quae
223 1022 366 1086 retribuit
379 1019 483 1086 mitt?
506 1030 537 1084 et
550 1021 678 1084 interim
692 1019 885 1107 discooperit
896 1022 1051 1102 Calicem,

47 1117 233 1202 genuflectit,
261 1118 375 1204 surgit,
399 1117 516 1202 accipit
535 1118 701 1199 Patenam,
719 1117 847 1202 inspicit
862 1115 1046 1202 Corporale,

47 1210 155 1296 colligit
169 1212 350 1298 fragmenta
367 1233 439 1276 cum
468 1213 600 1294 Patena,
628 1210 653 1274 si
670 1233 740 1298 que
766 1212 829 1276 sint
846 1211 877 1275 in
894 1231 943 1293 eo,
961 1215 1054 1276 Pate·

48 1326 110 1368 nam
136 1328 266 1392 quoque
294 1305 466 1393 diligenter
491 1328 565 1371 cum
588 1307 704 1392 pollice
734 1317 766 1370 et
798 1305 904 1372 iudice
930 1306 1052 1372 dextre

47 1419 147 1462 manus
162 1422 260 1485 super
279 1399 417 1464 Calicem
434 1401 583 1487 extergit,
600 1410 631 1464 et
649 1400 733 1485 ipsos
753 1398 889 1488 digitos,¹
907 1423 947 1466 nc
971 1400 1051 1488 quid

46 1493 289 1580 fragmentorum
307 1495 401 1558 ineis
420 1503 597 1558 remaneat.

83 1588 111 1651 5.
135 1588 168 1651 Si
186 1609 264 1652 vero
280 1585 385 1651 adsint
407 1587 526 1654 Hostiae
552 1597 745 1652 consecrate
765 1610 862 1674 super
878 1591 1053 1675 Corporale

47 1681 142 1763 positae
158 1703 218 1766 pro
234 1683 296 1746 alio
312 1692 457 1767 tempore
480 1678 721 1759 conservande,
744 1683 827 1748 lacta
842 1684 931 1768 prius
947 1705 1053 1770 genu-

47 1774 186 1858 flexione,
201 1776 330 1861 reponit
344 1798 398 1840 eas
413 1777 445 1840 in
460 1799 513 1841 vas
529 1777 571 1840 ad
583 1777 644 1841 hoe
656 1776 852 1858 ordinatum,
868 1788 899 1843 et
913 1776 1053 1864 diligen·

49 1868 249 1948 teradvertit‚
277 1892 318 1933 ne
345 1870 477 1956 aliquod
502 1871 731 1957 fragmentum,
753 1880 1054 1958 quantumcumque

47 1964 216 2046 minimum,
234 1975 400 2028 remaneat
415 1985 511 2050 super
527 1963 716 2049 Corporale:
734 1963 862 2049 quodsi
878 1964 987 2041 luerit,
1002 1985 1052 2029 ac·

49 2069 144 2122 curate
159 2060 288 2144 reponit
303 2059 336 2121 in
352 2058 505 2122 Calicem.
515 2061 591 2122 Post
603 2058 815 2122 extersionem
826 2059 966 2138 Patenae,
975 2057 1053 2143 jun·

49 2151 97 2213 ctis
122 2152 292 2236 pollicibus
318 2161 351 2216 et
368 2150 540 2231 indicibus,
567 2150 707 2215 Calicem
730 2149 843 2215 dextra
858 2170 955 2213 manu
969 2151 1053 2216 infra

50 2243 157 2310 nodum
172 2266 287 2330 cuppae
302 2247 429 2332 accipit,
445 2247 572 2310 sinistra
587 2248 754 2324 Patenam,
771 2244 898 2310 dicens:
919 2243 1052 2310 Calicem

49 2339 196 2419 salutaris,
213 2352 320 2422 ete.,et
331 2342 460 2428 signans
475 2362 508 2404 se
521 2342 612 2427 signo
625 2341 728 2405 crucis
739 2362 813 2405 cum
825 2339 942 2421 Colice,
952 2339 1052 2406 dicit:

49 2433 172 2520 Sanguis
188 2437 319 2499 Domini
332 2438 443 2516 uestri,
467 2447 537 2515 ete,
555 2445 587 2499 et
603 2456 702 2498 manu
720 2435 846 2498 sinistra
868 2455 1055 2519 supponens

49 2528 190 2595 Patenam
202 2529 312 2612 Calici,
330 2539 416 2594 stans
431 2539 617 2594 reverenter
629 2529 725 2592 sumit
740 2538 840 2591 totum
854 2528 1053 2614 Sanguinem

49 2643 110 2687 cum
128 2626 285 2711 particula
311 2626 344 2687 in
371 2623 476 2689 Calice
503 2625 617 2709 posita.
646 2622 771 2704 Quibus
796 2623 942 2706 sumptis,
974 2618 1055 2686 dicit

49 2729 172 2784 secreto:
187 2720 280 2799 Quod
290 2741 342 2783 ore
357 2721 558 2803 sumpsimus,
571 2731 640 2797 ete,
650 2727 683 2782 et
695 2739 792 2803 super
806 2719 905 2780 altare
918 2718 1056 2802 porrigit

50 2809 172 2876 Calicem
186 2813 332 2877 ministro
346 2814 378 2877 in
391 2835 492 2878 cornu
503 2813 663 2900 Epistolae,
678 2834 742 2900 quo
755 2813 866 2877 vinum
880 2809 1051 2889 fundente,

49 2925 74 2966 se
87 2908 230 2990 purificat
244 2930 253 2971 r
278 2906 397 2984 deiude
413 2909 489 2973 vino
506 2921 537 2974 ct
552 2930 635 2996 aqua
651 2907 754 2972 abluit
773 2906 904 2991 pollices
923 2915 954 2968 et
971 2905 1056 2969 indi·

49 3021 91 3064 ces
105 3023 201 3088 super
216 3003 366 3085 Calicem,
386 3025 466 3090 quos
489 3004 644 3090 abstergit
669 3001 903 3076 Purifieatorio‚
921 3001 1055 3064 interim

49 3093 162 3160 diceus:
183 3095 304 3182 Corpus
321 3109 420 3181 turem,
438 3100 581 3176 Domine,
595 3098 677 3184 quod
688 3099 818 3181 sumpsi,
831 3109 899 3179 ete,
911 3096 1052 3160 ablutio·

50 3211 110 3256 uem
131 3194 239 3271 sumit,
264 3203 296 3256 et
311 3194 449 3280 extergit
468 3214 502 3258 os
518 3205 549 3257 et
565 3193 703 3257 Calicem
720 3191 960 3256 purificatorio:
986 3211 1051 3276 quo

48 3283 129 3367 lecto,
146 3287 402 3351 Purificatorium
420 3286 564 3352 extendit
578 3309 675 3374 super
687 3286 837 3368 Calicem,
856 3297 887 3350 et
911 3285 1055 3372 desuper

48 3377 199 3463 Patenam,
224 3401 261 3445 ac
277 3403 374 3466 super
395 3384 550 3446 Patenem
577 3404 710 3467 parvam
727 3382 862 3463 Pallam,
884 3391 916 3445 et
931 3382 1055 3465 plicato

48 3470 209 3559 Corporali,
237 3473 324 3561 quod
358 3475 485 3559 reponit
511 3476 543 3538 iu
566 3477 715 3554 Bursam,
744 3474 887 3559 cooperit
910 3473 1054 3539 Calicem

48 3564 127 3645 Vale,
145 3579 177 3633 et
187 3570 325 3632 Bursam
341 3567 480 3652 desuper
505 3571 608 3654 ponit,
633 3580 665 3634 ct
680 3569 814 3634 collocat
829 3568 861 3630 in
879 3565 986 3630 medio
1003 3570 1055 3630 al·

50 3663 122 3743 laris,
138 3674 174 3728 ut
191 3664 223 3727 in
241 3664 400 3750 principio
417 3665 531 3728 Missae.

83 3755 110 3817 6.
134 3757 239 3843 siqui
263 3758 326 3821 sint
349 3759 609 3824 communicandi
625 3761 658 3824 in
678 3762 784 3843 Missa,
802 3758 952 3824 sacerdos
979 3769 1055 3844 post

48 3851 247 3932 sumptionem
262 3851 445 3939 Sanguinis,
463 3864 635 3941 autequam
662 3877 695 3918 se
711 3856 869 3941 purificet,
891 3856 973 3918 lacta
997 3875 1054 3940 ge·

48 3944 228 4026 uullcxionc,
246 3958 345 4031 ponat
359 3950 533 4034 particulas
548 3962 747 4014 consecratas
764 3951 796 4014 in
810 3949 938 4036 pyxide,
951 3954 1013 4033 vel,
1024 3952 1051 4014 si

49 4041 127 4117 pauci
139 4041 201 4104 sint
212 4041 484 4122 communicandi,
495 4065 592 4128 super
606 4046 772 4120 Patenam,
783 4045 844 4108 nisi
860 4067 878 4109 a
892 4046 1056 4131 principio

49 4131 272 4212 positaelueriut
287 4137 319 4201 in
332 4137 461 4223 pyxide,
480 4161 536 4202 scu
549 4141 611 4203 elio
624 4139 740 4202 Calice.
756 4139 891 4205 Interim
907 4141 1059 4204 minister
