2754 4740
330 216 394 280 190
563 233 599 275 os
624 233 801 276 osrecrraus
827 237 860 278 rs
882 236 1109 280 crsasnsrrosn

329 358 446 424 agere3
464 338 539 399 item
556 335 582 398 si
599 333 713 420 aliquoe
729 335 847 400 Hostioe
863 358 903 402 ex
930 337 1093 403 oblivione
1105 350 1284 404 remaneant
1296 342 1322 402 in

328 433 432 514 altari,
449 430 501 496 vel
516 429 622 515 aliqua
638 449 711 512 pars
724 429 804 507 vini,
823 433 875 496 vel
891 432 999 518 aliqua
1014 432 1126 496 Hostia
1142 435 1245 516 lateat,
1261 456 1322 498 cum

328 548 393 593 non
405 523 550 590 intendat
565 543 752 588 consecrare
764 524 826 588 nisi
843 545 921 611 quas
938 523 1028 590 videt
1042 548 1051 590 ι
1069 526 1146 589 item
1158 527 1182 590 si
1193 529 1262 614 quis
1274 528 1323 590 ha·

327 622 403 686 beat
423 640 530 684 coram
545 637 578 681 sc
602 615 756 682 undecim
772 619 911 698 Hostias,
929 630 961 683 et
985 618 1130 684 intendat
1154 642 1324 685 consecrare

328 721 432 783 solum
443 715 568 798 decem,
588 735 653 778 noo
678 713 896 780 determinans
911 737 991 804 quas
1006 715 1118 781 decem
1135 717 1282 799 intendit3
1297 719 1324 781 in

328 814 379 878 his
392 810 517 878 casibus
532 829 596 874 non
613 820 789 892 consecrat,
804 812 878 898 quia
891 811 1067 897 requiritur
1079 813 1224 877 intentio.
1241 813 1325 876 Secus

329 908 354 970 si
366 916 481 992 putans
492 902 624 992 quidem
638 924 706 968 esse
721 903 847 983 decem,
864 915 972 970 tamen
988 926 1098 970 omnes
1114 907 1217 971 voluit
1231 927 1325 971 conse·

328 1022 419 1065 crare
444 1021 524 1086 quas
550 1019 659 1063 coram
683 1019 717 1060 se
741 998 904 1063 habebat:
931 1019 1006 1064 nam
1029 1010 1106 1064 tunc
1121 1021 1231 1064 ornnes
1245 1010 1326 1064 emnt

329 1105 541 1160 consecrate:
569 1102 666 1179 atquc
688 1090 762 1156 ideo
785 1092 922 1179 quilibet
936 1091 1087 1157 sacerdos
1102 1093 1198 1157 talem
1213 1113 1326 1177 semper

328 1191 539 1256 intentionem
568 1188 691 1251 habere
721 1186 867 1266 deberet,
902 1188 1024 1253 scilicet
1057 1188 1264 1253 consecrandi
1283 1208 1326 1250 eas

328 1305 450 1360 omnes,
466 1292 629 1370 quassante
645 1303 678 1346 se
691 1279 732 1346 ad
746 1279 1003 1346 consecrandum
1020 1283 1138 1367 positas
1159 1284 1268 1348 habet.

373 1381 405 1443 2.
430 1379 464 1442 Si
480 1376 628 1442 sacerdos
656 1385 772 1461 putans
788 1398 822 1440 se
844 1386 954 1440 tenere
977 1397 1074 1440 unam
1090 1377 1246 1456 Hostiam,
1268 1385 1328 1462 post

329 1470 607 1536 Consecrationem
625 1470 785 1534 invenerit
799 1469 898 1534 luisse
921 1467 1001 1534 duas
1023 1470 1118 1534 simul
1134 1470 1273 1556 junctas,
1301 1470 1327 1532 in

329 1567 508 1652 sumptione
524 1575 629 1630 sumat
653 1565 748 1629 simul
766 1575 948 1651 utramque.
966 1564 1061 1647 Quod
1075 1567 1100 1628 si
1120 1563 1329 1651 deprehendat

328 1671 400 1746 post
419 1661 634 1746 sumptionem
650 1659 808 1745 ,Corporis
827 1659 1060 1746 etSaoguinis,
1082 1661 1247 1725 autetiam
1266 1667 1326 1745 post

329 1754 539 1836 ablutionem,
571 1754 723 1840 reliquias
748 1754 874 1841 aliquas
903 1755 1030 1819 relictas
1056 1764 1265 1832 consecratas,
1284 1771 1328 1815 eas

328 1860 443 1932 sumat,
456 1850 523 1914 sive
539 1869 645 1934 parvae
658 1849 733 1930 sint,
750 1849 818 1913 sive
834 1869 969 1935 magnae,
984 1849 1060 1934 quia
1075 1845 1117 1910 ad
1132 1846 1221 1911 idem
1236 1846 1326 1912 Sacri·

328 1942 436 2009 ficium
451 1953 605 2029 spectant.

257 2056 261 2062 ·
374 2038 407 2101 5.
433 2038 466 2101 Si
488 2059 565 2102 vero
582 2038 694 2102 relicta
721 2038 761 2102 sit
781 2038 892 2102 Hostia
918 2039 1041 2125 integra
1057 2047 1252 2119 consecrata,
1269 2053 1327 2098 eam

329 2131 363 2194 in
377 2130 584 2196 tabernaculo
599 2152 672 2196 curn
689 2131 759 2195 aliis
774 2143 930 2217 reponatz
947 2133 973 2196 si
989 2133 1051 2195 hoc
1065 2130 1134 2195 lieri
1152 2131 1274 2218 nequit,
1290 2149 1327 2192 se·

329 2225 439 2310 quenti
462 2222 619 2290 sacerdoti
636 2224 681 2289 ibi
693 2224 895 2290 celebraturo
908 2227 941 2290 in
953 2226 1044 2290 altari
1061 2245 1158 2309 supra
1169 2223 1327 2310 Corporale

329 2317 482 2384 decenter
496 2328 639 2405 opertam
655 2318 845 2384 sumendam
860 2341 924 2385 una
944 2341 1018 2385 curo
1041 2321 1152 2397 altera,
1177 2339 1273 2405 quam
1291 2323 1329 2379 est

329 2423 583 2491 consecraturus,
611 2413 791 2499 relinquat:
825 2417 878 2480 vel
904 2417 930 2479 si
957 2423 1106 2478 neutrum
1132 2413 1251 2477 horum
1271 2409 1328 2476 lieri

328 2508 438 2592 possit,
467 2509 500 2572 iu
528 2510 597 2594 ipso
623 2507 728 2573 Colice
748 2529 805 2574 seu
829 2511 951 2574 Patene
983 2508 1137 2573 decenter
1160 2513 1328 2580 conseruet,

329 2623 497 2690 quousque
509 2605 561 2668 vel
578 2603 611 2668 in
623 2603 830 2667 tabernaculo
846 2615 1031 2690 reponatur,
1049 2597 1101 2669 vel
1116 2602 1158 2666 ab
1173 2605 1273 2666 altero
1285 2620 1330 2665 su·

329 2705 449 2760 matur:
463 2696 585 2783 quodsi
598 2718 661 2760 non
675 2695 792 2762 habeat
801 2696 965 2784 quomodo
974 2699 1109 2762 honeste
1121 2704 1328 2769 conservetur,
1364 2729 1365 2774 3

329 2798 514 2872 potesteam
527 2790 661 2874 ipsemet
674 2809 813 2853 sumere.
942 2803 945 2810 ’

373 2882 406 2945 d.
432 2882 465 2946 Si
482 2882 616 2948 intentio
643 2905 706 2948 non
732 2884 773 2947 sit
787 2885 918 2949 actualis
946 2885 979 2948 iu
1003 2887 1071 2971 ipsa
1097 2884 1329 2950 Consecratione

329 2985 461 3060 propter
476 2977 698 3063 evagationem
713 2980 840 3058 mentis,
856 2977 912 3042 sed
929 2979 1086 3061 virtualis,
1099 3000 1172 3043 curn
1187 2974 1329 3042 accedens
1363 3031 1364 3042 2

331 3064 373 3131 ad
388 3071 487 3134 altare
513 3071 658 3138 intendat
673 3073 777 3137 lacere
794 3071 881 3159 quod
907 3075 984 3138 facit
1010 3074 1160 3156 Ecclesia,
1177 3071 1330 3138 conficitur

331 3164 583 3249 Sacramentum,
602 3169 660 3232 etsi
676 3188 789 3232 curare
805 3166 903 3233 dehet
916 3167 1075 3250 sacerdos,
1090 3178 1125 3232 ut
1141 3168 1239 3232 etiam
1253 3174 1329 3229 aetu-

329 3260 412 3323 alem
430 3260 640 3326 intentionem
655 3260 820 3325 adhibeat.

428 3475 601 3554 Vlline
619 3480 813 3572 defectibus
831 3478 1086 3576 dispositionis
1103 3479 1252 3554 aritine.

375 3707 406 3769 1.
432 3705 465 3768 Si
491 3707 562 3792 quis
588 3728 774 3792 suspensus,
800 3708 1105 3786 excommunicatus,
1134 3705 1327 3794 degradatus,
1361 3665 1362 3753 l

330 3798 528 3885 irregularis,
545 3801 597 3864 vel
610 3802 687 3866 alias
699 3805 852 3868 canonice
865 3800 1038 3888 impeditus
1050 3800 1203 3881 celebret,
1216 3796 1327 3867 conficit

331 3891 462 3979 quidem
480 3893 732 3978 Sacramentum,
751 3897 807 3962 sed
824 3897 1010 3983 gravissime
1028 3904 1151 3981 peccat,
1170 3904 1235 3960 tam
1246 3913 1325 3981 prop·
1360 3947 1361 3960 ,

333 3996 379 4051 ter
402 3987 678 4070 Communionem,
696 4013 792 4078 quam
809 3991 940 4078 indigne
966 3991 1074 4068 sumit,
1095 4011 1193 4074 quarn
1210 3996 1325 4078 propter

330 4085 551 4152 executionem
563 4084 735 4170 Ordinum,
752 4111 823 4176 quse
834 4089 894 4153 sibi
909 4095 977 4150 erat
993 4083 1175 4150 interdieta.
