2750 4738
331 257 373 324 78
767 271 912 316 noemam

331 384 438 450 Beato
466 375 620 453 Marimin
636 371 789 454 Sabbato,
807 373 913 443 omnia
941 371 984 438 de
1015 370 1236 458 semiduplici,
1262 393 1323 436 cum

332 472 641 544 Commemoratione
661 470 836 555 sequentis.

376 572 408 632 a.
432 566 598 636 Dominica
611 573 822 628 concurrente
844 583 917 628 cnm
943 572 1097 648 sequente
1119 563 1212 633 Eesto
1237 561 1326 626 Semi·

332 661 466 748 duplici,
484 672 517 726 et
532 681 605 725 eum
620 657 674 722 die
689 658 771 724 inira
785 658 952 740 Octavam,
975 659 1029 723 val
1044 679 1118 724 eum
1140 659 1232 726 Festo
1256 658 1326 720 Sim-

333 758 421 844 plici,
453 757 561 822 omnia
587 753 628 818 de
657 753 823 818 Dominiea
849 774 923 818 cum
953 752 1261 820 Commemoratione
1286 774 1327 816 sa·

332 852 476 939 quentis.
1160 856 1164 861 ’

377 945 410 1008 6.
445 943 504 1010 Die
538 941 621 1006 inira
654 941 807 1008 Octavam
844 953 1056 1010 concurrente
1080 960 1162 1012 ,eum
1197 943 1328 1030 sequenti

333 1038 510 1120 Dominiea,
532 1037 585 1101 vel
600 1034 828 1121 semiduplici,
852 1036 1030 1122 aCapitulo
1051 1035 1087 1100 fit
1116 1033 1157 1100 de
1185 1035 1329 1121 sequenti,

334 1153 407 1196 cum
428 1129 739 1198 Commemoratione
755 1130 897 1196 Oetaeae.
914 1131 989 1196 llice
1005 1130 1086 1194 inira
1102 1129 1256 1196 Octavam
1270 1149 1330 1192 cum

334 1225 479 1311 Simplici
501 1226 631 1311 proprie
646 1245 710 1288 non
725 1224 823 1289 habet
838 1245 1041 1301 concursum,
1058 1225 1133 1310 quia
1149 1225 1184 1286 in
1199 1222 1330 1309 sequenti

332 1318 386 1384 die
407 1320 490 1386 inira
505 1321 660 1386 Octavam
675 1340 740 1383 non
753 1319 789 1384 fit
803 1318 845 1383 de
861 1319 1017 1404 Simplici,
1036 1320 1096 1382 nisi
1111 1318 1331 1384 Commemora-

333 1413 391 1492 tio,
408 1434 478 1501 quae
495 1424 527 1479 et
538 1412 652 1478 eadem
671 1415 794 1478 ratione
810 1413 1052 1501 in·praeeedenti
1078 1412 1133 1476 die
1148 1414 1233 1480 infra
1253 1413 1331 1476 Oeta·

332 1529 405 1576 vam
421 1509 490 1572 lieri
502 1508 611 1573 dohet.

252 1635 254 1641 ·
374 1606 407 1668 7.
432 1605 618 1671 DieOctava
631 1615 843 1670 concurrente
859 1627 932 1670 eum
944 1606 1005 1670 alia
1021 1603 1074 1669 die
1090 1605 1224 1685 Octava,
1241 1625 1259 1666 a
1282 1601 1332 1664 Ca·

330 1699 432 1783 pitulo
444 1700 479 1764 fit
490 1699 530 1763 de
543 1703 701 1787 sequenti,
712 1721 784 1766 cum
797 1700 1106 1766 Commemoratione
1119 1697 1328 1785 praecedentis,

331 1804 463 1878 excepta
478 1796 595 1861 Octava
612 1796 761 1882 Corporis
777 1798 892 1862 Christi
905 1807 1116 1862 concurrente
1133 1818 1206 1860 eum
1223 1795 1330 1860 Oetaea

331 1891 366 1954 S.
383 1890 515 1955 Joannis
535 1893 696 1978 Baptistae,
715 1893 746 1956 in
763 1915 825 1979 qua
845 1892 885 1956 dc
901 1893 1047 1980 sequenti
1061 1892 1097 1956 fit
1111 1903 1236 1956 tantum
1248 1889 1330 1953 Com·

331 1987 567 2067 memoratio,et
581 1987 710 2073 quando
722 1989 814 2053 aliter
829 1989 861 2052 iu
875 1989 1011 2073 propriis
1024 1987 1101 2050 lucis
1117 1996 1260 2050 notatur.
1281 1982 1330 2046 Die

340 2077 461 2144 Octava
476 2093 684 2146 concurrente
699 2103 772 2147 eum
783 2085 928 2170 sequenti
950 2075 1079 2168 Duplici
1099 2082 1230 2163 minori,
1251 2079 1333 2142 etiam

331 2183 496 2258 translato,
521 2201 540 2242 a
556 2179 701 2262 Capitulo
717 2178 751 2242 fit
766 2177 807 2241 de
823 2179 981 2264 sequenti,
1006 2199 1079 2242 cum
1103 2177 1332 2241 Commemora-

331 2274 417 2338 tione
433 2273 560 2339 Oetaeae
588 2271 741 2357 (exeeptis
763 2269 878 2334 diebus
903 2271 1032 2336 Octavia
1056 2271 1279 2336 Festivitatum
1298 2271 1330 2332 B.

330 2370 435 2450 M.V.,
449 2369 545 2432 etiam
562 2366 806 2451 particularibus
821 2366 955 2452 alicujus
969 2367 1162 2453 Religionis,
1182 2365 1332 2452 inquibus

330 2463 371 2528 de
388 2463 533 2549 sequenti
545 2463 580 2525 fit
595 2471 718 2536 tanturm
729 2462 1250 2544 Commemoratio)‚Concurrente
1264 2479 1331 2525 vero

329 2579 403 2624 cum
439 2558 584 2644 sequenti
612 2558 739 2643 Duplici
762 2557 890 2642 majori,
918 2559 1014 2622 etiam
1039 2559 1208 2637 translato,
1240 2567 1331 2623 toturn

330 2653 476 2718 Officium
492 2652 526 2716 lit
541 2651 581 2714 de
603 2653 761 2738 sequenti,
779 2674 852 2716 cum
868 2653 1180 2727 Commemoratione
1194 2655 1330 2720 Oetaeae:

331 2745 528 2833 exceptadie
547 2748 668 2811 Octava
683 2747 883 2833 Epiphaniae,
901 2747 1044 2828 Paschae,
1073 2747 1291 2827 Ascensionis‚
1307 2755 1334 2808 et

331 2831 480 2928 Cor'poris
507 2843 635 2924 Christi,
654 2842 684 2906 io
701 2843 818 2929 quibus
834 2841 875 2916 do
890 2844 1034 2928 sequenti
1051 2843 1086 2908 iit
1102 2842 1228 2908 tantum
1255 2845 1333 2910 Com·

329 2936 532 3002 memoratio.
555 2936 588 2998 Si
601 2945 707 2998 autem
724 2955 859 3021 sequens
871 2936 1011 3016 Festum,
1027 2936 1123 3000 etiam
1139 2939 1332 3009 translatum,

329 3031 429 3096 luerit
440 3052 479 3094 ex
493 3028 738 3093 solemnioribus
753 3049 850 3114 supra
873 3030 1068 3092 craumeratis
1085 3031 1118 3092 in
1133 3031 1278 3094 Robrica
1298 3027 1332 3090 de

331 3121 704 3200 Commemoratiunibus,
719 3123 752 3184 in
768 3120 909 3186 seeundo
934 3120 1046 3185 ordine
1072 3145 1163 3187 num.
1191 3125 1222 3205 O,
1241 3133 1333 3187 totum

330 3220 478 3285 Officium
493 3219 528 3281 lit
539 3216 579 3282 de
595 3219 752 3303 sequenti,
766 3238 839 3282 eum
858 3218 1169 3282 Commemoratione
1185 3219 1319 3283 Octavo.

374 3315 406 3378 8.
432 3315 574 3398 Simplex
589 3333 660 3376 cnm
672 3314 734 3376 alio
747 3335 810 3377 non
826 3323 930 3399 potest
941 3334 1132 3376 concurrere
1145 3315 1179 3376 in
1194 3312 1334 3394 secundis

330 3409 481 3494 Vesperis
506 3408 594 3491 (lieet
609 3429 681 3472 cum
698 3409 766 3492 ipso
781 3409 879 3493 possit
892 3430 960 3471 csse
975 3412 1149 3472 concursus
1175 3409 1207 3471 in
1231 3406 1333 3495 primis

329 3503 506 3588 Vesperis),
523 3503 674 3588 quianon
693 3503 790 3568 habet
812 3502 967 3568 secundas
992 3504 1163 3588 Vesperas,
1184 3503 1245 3574 scd
1272 3500 1333 3585 ejus

330 3597 478 3662 Officium
502 3597 693 3660 terminatur
715 3597 756 3662 ad
776 3600 911 3676 Nouam,
936 3607 968 3663 et
991 3596 1143 3682 deinceps
1157 3599 1238 3661 nihil
1253 3598 1286 3660 lit
1298 3594 1332 3655 de

329 3713 381 3767 eo,
395 3713 455 3756 nee
470 3685 749 3758 Commemoratio.
764 3696 797 3758 Si
809 3704 961 3779 sequatur
976 3692 1064 3756 aliud
1081 3695 1237 3776 Simplex,
1252 3691 1332 3756 Psal-

330 3787 374 3852 mi
391 3798 485 3852 erunt
495 3786 538 3850 de
548 3787 629 3851 feria
640 3802 828 3854 occurrente
844 3791 877 3852 iu
893 3790 1048 3852 Psalterio
1060 3787 1101 3852 ad
1115 3790 1284 3874 vesperas,
1306 3794 1332 3847 ct

331 3904 351 3946 a
364 3881 511 3966 Capitulo
526 3883 561 3946 lit
572 3882 612 3945 de
625 3885 772 3968 sequenti
785 3885 926 3969 Simplici
944 3885 1012 3948 sine
1027 3887 1093 3948 ulla
1105 3883 1332 3948 Commemora-

330 3977 418 4057 tione
432 3975 655 4062 praecedentis.
688 3978 720 4041 Si
734 3991 887 4066 sequatur
902 3979 1048 4044 Officium
1072 4001 1190 4042 novem
1220 3979 1331 4042 Lectio·

330 4093 420 4150 uum,
434 4071 584 4156 Vespera
606 4081 677 4136 totae
694 4085 788 4138 erunt
804 4074 844 4137 de
857 4095 895 4137 eo
910 4075 979 4137 sine
990 4075 1055 4136 ulla
1073 4073 1221 4136 similiter
1250 4073 1330 4136 Com-

288 4221 290 4226 .
330 4167 560 4236 memoratione
588 4167 747 4255 Simplicis
770 4168 990 4256 procedentis.
1016 4169 1049 4234 Si
1064 4168 1189 4230 nullum
1206 4169 1329 4232 'Festum
