2806 4736
387 213 416 255 ns
433 213 584 256 nursicus
604 213 781 258 snrvmmr.
1055 202 1098 266 55

78 317 284 401 Solemnitas,
302 317 423 382 scilieet
438 315 472 378 in
486 314 626 401 primam
646 315 847 382 Dominicam
863 321 1012 389 similiter
1030 315 1099 388 nori

78 411 281 499 impeditam.
305 413 401 478 Retio
417 409 563 498 estquod
579 432 643 476 non
666 413 738 497 plus
753 414 953 481 Solemnitati
974 419 1016 484 sit
1038 422 1097 485 tri-

80 505 250 572 buendum
272 527 370 594 quam
383 506 444 590 ipsi
460 505 553 570 Festo
569 507 763 570 occurrenti.

123 601 248 665 Dicitur
263 600 461 685 repuleriter,
486 619 560 663 nam
584 602 617 664 1ο
641 601 674 663 in
689 601 865 668 Dominicis
879 605 1050 690 Passionis,
1064 611 1097 673 in

81 693 173 759 Albis
189 706 222 760 et
233 697 292 759 SS.
309 694 483 772 Trinitatis,
501 694 691 779 permittunt
702 695 855 762 Rubrieoe
871 700 1007 766 Missalis
1018 703 1094 789 (Tit.

82 788 203 874 v1)ut,
222 791 247 853 si
264 790 394 853 Festum
416 789 547 853 Patroni
568 789 601 851 in
625 787 740 853 iisdem
767 804 914 858 occurrat
936 805 969 860 ot
984 817 1096 861 conse-

83 894 221 970 quenter
232 883 398 948 transferri
413 881 542 964 debeat,
564 903 629 946 una
652 892 759 947 tamen
772 884 868 950 Missa
879 887 996 954 Votiva
1012 893 1098 955 cele-

83 977 199 1041 bretur
209 976 249 1040 de
261 978 323 1042 hoc
334 978 428 1041 Festo
456 975 693 1056 transferendo,
718 999 796 1065 crgo
818 981 931 1047 licebit
944 985 1040 1050 etiam
1064 988 1097 1050 in

84 1091 160 1134 essu
171 1092 235 1158 quo
247 1069 439 1135 Solemnitas
451 1069 535 1136 Festi
549 1070 581 1132 in
598 1071 647 1136 his
661 1071 838 1138 Dominicis
853 1088 1000 1142 occurrat
1012 1081 1100 1144 ccle-

84 1163 220 1227 branda.

128 1261 174 1322 2⁰.
187 1261 225 1324 In
237 1259 413 1324 Dominicis
427 1270 535 1325 autem
547 1262 562 1324 I
573 1257 743 1326 Adventus
755 1272 787 1326 et
797 1264 813 1325 Ι
825 1260 1096 1353 Quadragcsimae,

85 1345 148 1408 alio
178 1345 276 1410 modo
291 1355 397 1431 potest
419 1347 565 1411 satisfieri
596 1347 785 1433 obligationi
805 1351 953 1416 cantandi
970 1354 1097 1421 Missam

84 1440 303 1505 Solemnitatis
318 1442 492 1524 translatae3
507 1442 656 1505 substitui
672 1444 758 1506 enim
774 1454 880 1528 potest
891 1446 992 1511 llissae
1005 1449 1098 1516 Voti-

81 1554 145 1611 vae,
160 1535 257 1598 Missa
270 1533 310 1598 de
321 1536 487 1600 Dominica
498 1532 648 1599 addendo
664 1536 750 1602 illius
762 1539 935 1604 Collcctam
950 1542 1097 1609 Orationi

82 1629 188 1694 Missae
202 1628 243 1694 de
254 1631 421 1695 Dominics
431 1632 491 1696 sub
506 1653 571 1695 una
586 1633 803 1717 conclusione,
817 1632 1015 1721 quodetiam
1029 1640 1098 1705 ficri

80 1734 194 1807 posset
207 1725 241 1788 in
258 1746 335 1789 casu
351 1724 546 1809 praecedcnti
562 1726 689 1812 (quaest.
707 1727 798 1815 150).
810 1726 904 1792 Unde
927 1746 1100 1817 supersunt

81 1828 210 1883 tantum
225 1830 287 1884 tres
298 1819 501 1885 Dominicael
517 1822 558 1886 cl.
572 1844 579 1884 :
593 1820 778 1886 Palinurum
783 1872 792 1906 ,
802 1824 933 1888 Puscltoe
944 1836 976 1889 ct
986 1828 1099 1892 Pente·

81 1925 178 1978 costes
190 1917 223 1978 in
238 1915 356 2001 quibus
372 1912 412 1979 dc
429 1918 638 1981 solemnitate
654 1916 734 1979 nihil
750 1939 880 2002 prorsus
894 1918 964 1982 fieri
980 1931 1095 2005 potest.

127 2009 249 2090 Quaest.
268 2011 321 2074 96.
336 2011 421 2073 Idem
439 2011 567 2074 dubium
576 2013 765 2096 proponitur
778 2033 851 2076 cusu
863 2035 923 2097 quo
934 2015 1098 2082 Dominieo

81 2124 211 2190 sequeus
228 2125 290 2168 non
305 2105 428 2190 quidem
443 2109 484 2169 sit
502 2118 518 2166 1
534 2105 573 2170 cl.
607 2106 660 2169 sed
674 2109 708 2168 iu
726 2127 761 2168 cn
775 2118 916 2171 occurrat
939 2109 1062 2173 Festum
1081 2124 1097 2172 1

81 2199 137 2276 cl.,
155 2221 186 2262 v.
202 2222 236 2284 9.
261 2203 290 2262 si
304 2202 427 2262 Festum
442 2199 690 2284 Assumptions's,
712 2201 838 2285 Duplex
856 2215 871 2263 1
887 2200 941 2282 cl.,
959 2219 1098 2269 occurrat

80 2297 116 2356 in
131 2295 307 2371 Dominus,
325 2305 352 2356 et
362 2293 547 2358 Solemnitas
561 2295 597 2359 S.
613 2296 776 2357 laurentii
785 2297 869 2358 sitin
881 2316 947 2358 enm
963 2298 1097 2383 transse-

81 2386 191 2468 reudc,
217 2409 258 2448 uu
273 2389 307 2448 iu
320 2386 407 2450 Festo
421 2389 656 2470 Assumptiont's
674 2385 773 2450 licebit
788 2387 938 2450 celebrare
951 2387 985 2448 V
983 2392 1095 2454 otiunm

82 2477 119 2542 de
131 2479 167 2543 S.
184 2481 351 2543 Laurentio
363 2478 382 2541 F

125 2574 170 2636 R.
197 2573 242 2635 l⁰.
260 2573 292 2635 Si
304 2574 434 2638 Festum
454 2595 625 2639 occurrens
647 2574 680 2636 in
707 2574 873 2637 Dominica
900 2585 948 2638 est
971 2581 1097 2662 majam

83 2666 248 2751 diqnitutis
281 2689 377 2752 quam
394 2671 536 2750 Festum,
562 2667 653 2752 cujus
685 2667 877 2732 Solemnitas
908 2672 1098 2737 transfertur

83 2763 210 2847 (quaest.
227 2763 283 2846 58)
299 2785 363 2843 non
378 2765 488 2829 licebit
504 2763 668 2829 celebrare
678 2763 826 2828 Votivam
839 2763 871 2825 in
882 2763 937 2826 illa
951 2765 1097 2832 Domini-

83 2875 131 2934 ca,
149 2853 207 2918 scd
222 2857 412 2921 Solemnitas
423 2859 557 2922 ulterius
570 2858 630 2920 crit
646 2854 879 2938 transferenda,
898 2859 1049 2925 nimirum
1062 2866 1095 2927 in

84 2950 221 3034 primam
246 2951 446 3016 Dominicam
473 2953 568 3018 simili
583 2950 679 3016 modo
703 2973 766 3015 non
795 2950 994 3036 impeditam.
1012 2957 1096 3024 lline

84 3054 172 3129 patet
198 3046 313 3109 solutio
336 3069 426 3111 casus
449 3048 603 3133 propositi
613 3071 622 3127 ;
640 3069 714 3110 nam
729 3068 802 3111 cunr
816 3047 947 3111 Festum
961 3049 1095 3117 Assum·

84 3139 203 3222 ptionis
217 3139 348 3224 majoris
362 3142 403 3205 sit
418 3140 583 3229 dignitatis
607 3162 704 3228 quam
719 3143 849 3206 Festum
864 3143 897 3205 S.
917 3143 1093 3230 Laurentii,

84 3232 182 3316 hujus
197 3233 388 3299 Solemnitas
398 3237 533 3300 ulterius
560 3237 621 3300 erit
648 3233 880 3300 transferenda.
898 3234 976 3300 Ideo
999 3241 1094 3306 etiam

84 3348 146 3389 non
163 3329 239 3392 licet
254 3331 426 3394 transferre
442 3331 684 3394 solemnitatem
700 3331 734 3393 S.
751 3329 891 3406 Martini,
902 3331 940 3393 ll
955 3332 1095 3399 Novem·

84 3421 162 3501 bris,
180 3423 214 3485 in
229 3423 430 3488 Dominicam
445 3426 590 3510 proxime
607 3433 805 3510 sequentem,
823 3423 849 3486 si
865 3423 898 3485 in
912 3422 974 3488 hae
985 3447 1095 3491 occur-

84 3525 134 3578 rat
144 3516 273 3580 Festum
295 3517 512 3584 Dedicationis
528 3519 671 3583 omnium
700 3517 927 3596 Ecclesiarum,
944 3518 1032 3604 qnod
1049 3532 1096 3586 est

85 3609 216 3693 majoris
228 3609 404 3696 dignitatis.

130 3708 174 3769 2⁰.
193 3705 226 3768 Si
241 3706 371 3770 Festum
384 3729 555 3774 occurrens
572 3709 605 3772 in
620 3708 787 3772 Dominica
802 3710 934 3771 minoris
958 3708 1097 3794 dipnitu-

87 3803 127 3864 tis
140 3811 186 3865 est
196 3822 292 3886 qnam
306 3799 384 3864 illud
398 3802 490 3888 eujus
506 3803 541 3868 fit
558 3803 760 3882 solemnitas,
772 3801 870 3867 debet
886 3803 918 3865 in
930 3804 1097 3870 Dominiea

85 3895 241 3958 celebrari
252 3896 369 3963 Votiva
380 3895 420 3960 de
434 3899 642 3962 Solemnitate
654 3898 816 3961 translata.
828 3897 925 3960 Casus
940 3906 987 3961 est
998 3920 1097 3984 quan·

86 3989 129 4054 do
146 3992 333 4056 Solemnitas
345 3989 493 4078 Corporis
507 3993 623 4057 Christi
638 3990 861 4057 transferenda
876 4001 922 4055 est
938 3992 970 4054 in
987 3993 1097 4056 Durni-

87 4086 190 4150 nicam
214 4087 245 4149 in
265 4107 328 4172 qua
344 4087 483 4152 occurrit
494 4088 623 4152 Festum
636 4087 669 4150 S.
683 4087 816 4150 loannis
830 4085 991 4170 Baptistae.
