2750 4738
330 217 392 282 tta
758 237 901 281 rasuram

326 505 371 582 Χ
370 503 410 582 V
406 505 429 578 I
432 563 440 579 .
460 503 593 582 Deliis
610 526 692 601 qna
715 508 822 582 etan
847 526 933 582 oeae
948 516 1013 582 ant
1028 517 1164 584 secreto
1181 504 1323 582 dicenda

690 627 776 694 sont
792 621 832 694 tn
850 615 978 692 ttissa.

370 891 403 956 1.
429 892 464 955 in
481 881 573 956 Missa
591 891 715 977 privata
731 893 816 956 clara
831 911 909 956 racc
925 887 1079 954 dicuntur
1093 889 1284 974 Antiphane,
1300 899 1325 954 ct

324 983 475 1050 Psatmas
491 983 531 1050 ad
547 987 725 1069 Introitam,
752 983 923 1072 Confessio,
943 995 975 1049 et
989 1005 1061 1071 quae
1077 995 1266 1070 sequuntur,
1282 1007 1325 1049 ex·

325 1090 418 1164 cepta
433 1075 577 1158 aratione
592 1080 692 1166 Anser
714 1079 845 1162 anobis,
864 1089 896 1143 ct
912 1078 1049 1145 Oramus
1066 1090 1105 1156 te,
1123 1079 1262 1158 Domine,
1276 1101 1325 1163 per

324 1177 432 1238 inserita
443 1175 627 1239 Sanctarum
644 1187 780 1253 tuorum,
795 1186 849 1239 ete.
863 1176 943 1239 Item
963 1176 1128 1251 Introitas,
1151 1175 1248 1259 Kyrie
1262 1175 1324 1238 etei-

261 1275 264 1280 '
323 1287 391 1349 son,
411 1267 520 1332 Gloria
535 1273 569 1333 in
581 1269 722 1350 caaetsis,
738 1271 890 1333 Dominus
905 1269 1069 1346 nobiscnm,
1092 1265 1237 1347 Oramus,
1253 1268 1324 1332 Fies·

324 1374 425 1427 tomus
439 1385 553 1448 penna,
571 1367 691 1448 Leoote,
713 1364 834 1442 Oratio,
859 1367 911 1430 vet
938 1363 1117 1444 Orationes,
1141 1363 1321 1446 Prophetis,

322 1455 474 1540 Epistola,
497 1456 665 1537 Gradaale,
684 1459 717 1522 V
716 1480 814 1536 ersus,
836 1461 978 1540 Tractus,
995 1457 1173 1542 Sequentia,
1190 1458 1322 1541 Eoonpe·

322 1550 412 1630 tiam,
437 1549 547 1631 Credo,
567 1551 780 1638 Offertoriam,
798 1553 893 1619 Orate
914 1553 1041 1639 fratres,
1056 1551 1160 1614 solam
1182 1552 1251 1615 haec
1265 1549 1321 1614 duo

291 1651 293 1654 ’
322 1645 432 1724 verba,
457 1646 622 1733 Praefatio,
644 1646 739 1713 Nabis
761 1669 879 1734 qnoque
900 1645 1120 1730 peecatoribus,
1145 1647 1249 1710 salum
1264 1643 1322 1708 bac

322 1739 383 1803 tria
403 1737 516 1804 verba.
534 1741 614 1804 Item
638 1743 704 1805 Per
718 1745 822 1805 omnia
835 1742 947 1806 sanata
961 1739 1157 1817 sanatorum,
1183 1752 1319 1804 elasam

321 1833 420 1898 Pater
439 1845 553 1914 noster,
579 1837 646 1900 Per
671 1840 775 1901 omnia
796 1837 908 1901 sacuto
932 1835 1126 1917 sanatorum,
1158 1857 1232 1899 cum
1257 1835 1320 1896 Par

322 1929 460 2006 Domini,
477 1926 591 2012 Apama
617 1933 686 2012 Dei,
704 1934 832 1996 Domine
846 1953 908 1996 non
924 1953 993 1996 snm
1015 1931 1141 2014 dipnas,
1160 1929 1228 1994 baec
1249 1947 1319 2012 qua-

321 2032 395 2086 tuor
411 2021 509 2087 verba
520 2031 656 2104 tantum,
676 2022 870 2105 Cammnnio,
886 2026 1008 2106 Oratio,
1021 2026 1073 2090 vel
1086 2022 1251 2089 Orationes
1258 2031 1318 2106 post

323 2115 586 2200 commonionem,
603 2119 775 2185 Hnmiliate
790 2123 890 2206 capita
900 2133 1001 2186 vestra
1011 2120 1087 2201 Deo,
1105 2120 1151 2181 Ite
1165 2120 1260 2182 Missa
1270 2126 1315 2191 est,

319 2211 372 2276 vel
386 2208 605 2276 Benedieamns
628 2215 772 2295 Domina,
790 2217 842 2281 vel
865 2219 1066 2302 Reqniescant
1079 2217 1114 2276 in
1125 2233 1213 2297 paee,
1235 2215 1316 2274 Bene·

318 2303 421 2383 dictio,
439 2314 472 2369 et
484 2307 695 2394 Evangelium
707 2311 746 2372 In
757 2313 924 2395 principio,
938 2311 990 2377 vel
1004 2307 1090 2374 atiud
1103 2307 1314 2395 Evangelium.

277 2483 281 2491 Ι
319 2398 831 2470 Aliaamniadicuntursecreta.
1358 2431 1359 2481 t

364 2497 396 2558 2.
421 2491 577 2558 Sacerdos
591 2502 859 2563 autem-maxima
882 2520 995 2564 curare
1018 2496 1127 2574 debet,
1144 2507 1182 2562 ut
1197 2519 1234 2560 ca
1255 2512 1314 2580 qua

318 2591 404 2654 clara
424 2610 503 2653 voca
527 2586 663 2655 dicenda
686 2603 771 2676 sunt,
790 2593 938 2658 distincte
954 2603 986 2657 ct
1001 2592 1145 2676 apposite
1174 2590 1313 2676 proferat,

319 2704 382 2747 non
399 2679 573 2747 admodum
585 2684 783 2767 festinanter,
801 2699 837 2751 ut
851 2687 1020 2754 advertere
1036 2686 1135 2771 possit
1146 2683 1312 2770 qumlcgi13
1356 2693 1357 2743 t

318 2799 378 2842 noc
403 2777 497 2840 nimis
524 2799 662 2888 morose,
693 2803 733 2845 ne
758 2780 925 2847 audientes
947 2780 1048 2846 taedio
1064 2780 1192 2861 afficiat,
1219 2794 1356 2882 neque

318 2874 414 2938 ctiam
427 2894 505 2937 voce
518 2873 613 2938 nimis
628 2877 722 2956 elata,
740 2899 781 2940 ne
796 2877 963 2963 perturbet
978 2877 1056 2940 alios
1071 2895 1127 2961 qur
1119 2870 1292 2938 fortassc'
1284 2889 1311 2931 rn

317 2967 430 3030 eadem
446 2968 578 3032 ccclesia
595 2978 671 3034 tunc
682 2973 834 3056 temporis
850 2973 1031 3036 celebrant·
1022 2990 1156 3054 ,neque
1172 2979 1235 3033 tam
1249 2964 1312 3029 sub·
1354 2961 1355 3005 t

317 3062 423 3140 missa,
447 3070 522 3125 uta
544 3061 823 3128 circumstantibus
839 3063 950 3129 audin
968 3085 1032 3129 non
1054 3063 1166 3148 possit,
1183 3060 1238 3126 sed
1252 3078 1310 3122 me·
1353 3087 1354 3135 p

315 3153 416 3220 diacre
432 3164 463 3219 et
476 3176 578 3240 gravi,
605 3177 677 3242 quae
699 3159 954 3226 etdevationem
980 3167 1118 3239 moveat,
1144 3152 1311 3221 etaudicn·
1352 3217 1353 3267 p

315 3250 422 3314 tibus
415 3261 458 3313 ita
472 3250 512 3314 sit
534 3252 784 3336 accommodata,
806 3266 842 3319 ut
857 3275 927 3338 qum
942 3257 1104 3341 leguntur,
1129 3225 1353 3336 intelligant

313 3343 391 3424 Ques
418 3365 495 3408 vero
518 3354 639 3408 secrete
665 3344 802 3414 dicenda
827 3360 911 3431 sunt,
937 3350 980 3413 ita
1007 3347 1205 3434 pronuntiet,
1230 3354 1263 3408 ut
1284 3349 1309 3402 at
1351 3325 1352 3397 t

313 3439 447 3524 ipsemet
464 3461 497 3503 se
521 3438 641 3524 audiat,
659 3455 690 3508 et
706 3465 724 3508 a
739 3446 1022 3510 circumstantibus
1034 3465 1098 3507 nou
1113 3442 1271 3507 audiatur.
1350 3441 1351 3530 t

355 3536 387 3598 5.
410 3536 447 3598 In
464 3535 556 3597 Missa
579 3537 712 3601 solemni
735 3538 865 3626 quaudo
887 3538 950 3604 dici
967 3538 1120 3603 debenta
1138 3537 1308 3601 celebrante
1349 3569 1350 3660 p

315 3627 422 3692 Gloria
433 3632 466 3692 in
488 3628 622 3708 enoetse's,
640 3641 672 3694 et
689 3632 798 3718 Credo,
813 3637 1014 3717 intonantnr5
1029 3644 1060 3699 ct
1075 3629 1306 3697 cantanturDo·
1348 3673 1349 3676 ,

310 3725 413 3786 neieens
428 3724 591 3806 nobiscnm,
621 3736 653 3790 ct
678 3728 843 3795 Orationes
858 3740 932 3794 ante
954 3729 1140 3814 Epistolam‚
1167 3727 1306 3791 Dominus

309 3817 472 3899 aedissam,
501 3818 633 3884 Oramus
657 3833 730 3887 ante
757 3825 925 3889 Orationes
952 3835 983 3889 et
1008 3835 1082 3889 ante
1098 3821 1302 3895 Offertarinm,

224 3997 227 4004 Ι
308 3910 454 3974 Praefatio
471 3912 536 3974 Per
550 3916 654 3977 arania
665 3918 982 3997 sacretasoecotorom,
1000 3940 1072 3983 cum
1088 3918 1188 3982 Pater
1201 3923 1301 3984 noster,

306 4003 371 4067 Per
382 4006 486 4067 amnia
499 4005 611 4068 sacnta
631 4011 828 4091 saeotormn,
850 4035 922 4077 cum
939 4014 1013 4078 Pon
1028 4012 1168 4094 Domini,
1185 4021 1216 4074 et
1232 4006 1302 4073 Ora·

305 4101 401 4162 tiones
414 4109 484 4182 post
500 4097 765 4170 Commnne‘onem.
789 4107 859 4171 Alia
882 4129 953 4194 quac
969 4108 1000 4170 in
1017 4108 1111 4208 Missa
1126 4105 1246 4191 privata
1260 4096 1302 4161 di·
