2764 4742
315 285 357 350 18
424 252 426 261 ¹
748 305 893 350 amurca

316 410 531 488 strationem,
548 429 613 496 qua
627 417 759 474 caretur
780 418 818 474 ut
842 408 875 472 in
894 415 1056 493 posterum
1075 414 1109 470 et
1128 405 1317 492 AEquioocti·

316 522 370 567 um
386 523 535 586 vernum,
563 515 595 569 et
620 503 675 568 xiv
704 503 795 566 Luna
814 501 973 587 paschalis
998 521 1017 564 a
1047 497 1186 584 propriis
1200 498 1316 564 sedibus
1372 544 1373 567 l

316 617 492 684 numquam
514 605 771 664 removerentur.
1372 621 1373 628 ¹

361 691 403 756 Ut
417 692 504 756 enim
518 690 761 781 AEquinoctium
770 711 908 757 vernum
920 691 963 757 ad
977 693 1022 780 xij
1039 691 1204 758 Kalendas
1211 690 1318 777 Aprilis

315 788 562 871 restitueretur,
594 788 727 868 statuit,
757 796 794 852 ut
818 784 896 852 dicti
924 785 1037 854 decem
1060 786 1131 852 dies
1161 788 1193 852 iu
1221 804 1318 851 mense

316 881 464 950 Octobris
485 882 584 969 ipsius
600 883 677 948 anni
694 881 779 946 1582
791 882 1022 967 eximerentur,
1039 893 1075 949 ut
1090 892 1162 968 post
1184 889 1319 970 quartam

316 974 404 1040 diem
432 975 579 1042 Octobris
602 977 637 1042 S.
653 975 821 1041 Francisco
847 996 984 1059 sacram,
1007 996 1143 1063 sequens
1170 974 1240 1039 dios
1264 992 1319 1035 non

317 1080 399 1136 esset
411 1071 535 1157 quinta,
563 1069 619 1136 sed
640 1069 766 1134 decima
790 1069 902 1157 quinta
925 1069 1087 1135 Octobris.
1113 1071 1154 1136 Et
1169 1070 1213 1135 ita
1229 1086 1319 1146 error,

317 1167 372 1254 qui
394 1167 427 1231 in
442 1167 638 1252 praeteritum
665 1174 712 1229 tot
733 1184 892 1229 annorum
921 1164 1049 1231 circulis
1079 1165 1268 1252 irrepserat,
1294 1161 1320 1222 in

317 1271 480 1326 momento
495 1261 648 1347 temporis
663 1261 724 1324 luit
739 1269 915 1325 correctus.

361 1355 403 1420 Ut
425 1365 533 1420 autem
548 1357 580 1420 in
592 1366 758 1441 posterum
773 1351 861 1418 idem
881 1375 972 1418 error
994 1353 1163 1436 vitaretur,
1180 1371 1222 1414 ne
1244 1369 1262 1413 a
1284 1345 1321 1431 xij

318 1447 461 1513 Kalend.
479 1447 599 1535 Aprilis
612 1448 855 1536 AEquinootium
870 1470 1008 1514 vernum
1031 1445 1211 1525 recederet,
1228 1441 1326 1509 statuit
1373 1471 1374 1476 1

318 1540 404 1606 idem
422 1541 607 1630 Gregorius,
623 1545 805 1609 Bissextum
821 1553 936 1631 quarto
951 1562 1082 1631 quoque
1094 1560 1179 1604 anno
1191 1538 1251 1626 (uti
1264 1554 1324 1599 mos
1366 1524 1371 1635 i

269 1717 271 1722 Ι
319 1633 380 1715 est)
394 1638 574 1702 continuari
589 1635 723 1717 debere,
751 1647 963 1726 preterquam
980 1638 1014 1701 in
1029 1633 1213 1700 centesimis
1227 1628 1324 1708 annis3
1367 1660 1371 1725 p

318 1728 374 1814 qui
403 1730 550 1816 quamvis
567 1730 752 1796 Bissextiles
778 1739 873 1795 antea
899 1751 1027 1817 semper
1049 1727 1182 1809 fuerint,
1206 1723 1324 1812 qualem
1367 1726 1374 1801 i

319 1821 417 1886 etiam
434 1843 502 1888 esse
531 1824 635 1890 voluit
662 1845 782 1888 annum
809 1825 905 1908 1600,
924 1843 1008 1888 anno
1028 1819 1236 1888 correctionis
1260 1835 1327 1903 prc-
1367 1808 1372 1886 ¹.

318 1916 453 2000 nimum,
477 1928 549 2004 post
578 1940 653 1983 eum
678 1929 798 2002 tamen,
828 1921 883 2007 qui
917 1918 1070 2005 deinceps
1098 1923 1327 2004 consequentur

320 1999 484 2076 centesimi
503 2033 566 2077 non
584 2013 889 2080 omnesBissextiles
903 2023 1020 2098 essent,
1038 2011 1096 2078 sed
1119 2012 1154 2075 in
1181 2006 1327 2098 quadrin-
1371 2054 1372 2078 l

319 2104 424 2190 gentis
439 2105 620 2194 quibusque
638 2109 729 2173 annis
743 2108 838 2195 primi
861 2109 982 2197 quique
997 2117 1063 2172 tres
1087 2102 1253 2171 centesimi
1267 2100 1327 2165 sine

319 2198 464 2266 Bissexto
487 2203 761 2290 transigerentur:
785 2214 917 2290 quartus
946 2196 1025 2270 vero
1048 2202 1185 2288 quisque
1200 2193 1328 2265 centesi-

321 2311 392 2357 mus
423 2305 505 2362 esset
529 2295 718 2380 Bissextilis,
750 2298 795 2364 ita
823 2306 860 2362 ut
889 2297 965 2363 anni
992 2297 1090 2380 1700,
1122 2294 1220 2374 1800,
1251 2287 1328 2354 1900

320 2385 504 2454 Bissextiles
532 2410 598 2454 non
622 2391 696 2474 sint,
713 2413 798 2456 anno
813 2412 891 2457 vero
906 2392 992 2456 1000
1007 2410 1097 2456 more
1117 2395 1269 2454 consueto
1285 2380 1328 2444 di·

321 2503 360 2574 es
372 2483 535 2549 Bissextus
561 2484 779 2564 intercaletur,
793 2484 970 2550 Februario
984 2483 1054 2548 dics
1075 2483 1117 2546 29
1138 2479 1328 2555 continente,

321 2575 473 2666 idemque
489 2576 567 2642 ordo
589 2578 822 2644 intermittendi
855 2576 1133 2664 intercalandique
1156 2574 1329 2640 Bissextum

321 2671 407 2739 diem
421 2674 455 2738 in
478 2671 721 2763 quadringentis
751 2676 934 2763 quibusque
964 2674 1056 2740 annis
1079 2679 1237 2757 perpetuo
1264 2683 1330 2730 con·

323 2782 518 2837 servaretur.

635 2969 804 3066 Quotoor
840 2970 1037 3065 Tempore.

369 3226 514 3309 Quattuor
543 3229 700 3314 Tempora
725 3226 929 3292 celebrantur
958 3225 1003 3292 IV
1035 3234 1068 3288 et
1089 3222 1135 3289 VI
1159 3217 1263 3295 Ferit,
1299 3230 1333 3275 ⁸⁰

326 3319 467 3389 Sabbato
488 3335 560 3409 post
586 3323 713 3388 tertiam
752 3323 953 3387 Dominicam
978 3317 1159 3391 Adventus,
1186 3320 1256 3398 post
1275 3305 1333 3394 pri·

326 3435 411 3481 mam
436 3417 635 3482 Dominicam
662 3416 933 3504 Quadragesimoe,
952 3423 1023 3503 post
1040 3407 1240 3477 Dominieam
1254 3405 1333 3468 Pen-

326 3522 473 3595 tecostes,
490 3523 562 3598 post
583 3514 711 3577 Festum
736 3512 943 3578 limitationis
967 3510 1001 3576 S.
1019 3506 1140 3573 Crucis

378 3759 528 3860 Nepete
556 3754 704 3854 quanda
723 3754 902 3834 celebrari
918 3748 1153 3850 nonpossint
1177 3749 1290 3841 jemin

531 3863 716 3942 decretum
731 3862 893 3941 Concilii
912 3858 1136 3940 Tridentini.

375 4074 805 4144 tuominiealndvenaua
835 4097 935 4165 nsque
966 4075 998 4139 in
1030 4072 1116 4137 diem
1143 4058 1335 4165 Epiphania,

331 4190 364 4243 et
390 4198 408 4242 a
433 4174 527 4240 Faria
550 4175 596 4242 IV
625 4174 775 4240 Cinerum
805 4195 906 4263 usque
940 4171 972 4235 in
998 4169 1152 4236 Octavam
1181 4157 1337 4226 Paschatu
