2806 4736
397 243 429 282 ιιι
457 240 607 283 ιιιιιιιιοιι
630 239 778 282 rrrssaars.
1042 226 1080 290 71

110 344 153 407 R.
180 343 360 429 Sequentia
381 353 413 408 et
444 341 631 428 Symbolum
662 362 838 428 numquam
864 340 1016 408 dicuntur
1049 349 1082 411 in

65 437 192 503 Votivis
206 437 349 522 privatis,
359 436 440 502 adeo
456 447 492 501 nt
513 433 688 524 nequidem
704 433 904 500 recitandum
929 438 969 503 sit
982 438 1082 505 Credo

65 530 98 593 iu
113 530 230 598 Votiva
243 552 314 617 quae
330 532 413 596 infra
429 531 570 617 aliquam
585 530 750 611 Octavam,
761 531 978 617 requirentem
996 535 1084 622 Syrn-

64 623 188 709 bolnm‚
211 625 430 692 celebraretur
440 626 516 713 (Tit.
533 626 591 707 XI,
614 645 648 688 ιι.
667 622 715 708 l).

107 721 228 802 Quaest.
246 720 323 784 lat.
354 720 432 799 Quor
456 729 530 784 soal
557 717 674 803 require
696 739 755 802 pro
784 718 1031 806 Proefotieaibus
1055 731 1083 787 et

63 812 218 879 Oratione
231 811 539 878 Communieautesi

105 909 149 975 R.
166 908 200 972 Si
211 906 328 974 votiva
343 908 508 994 propriam
523 907 642 973 habeat
672 909 909 994 Praeiationem,
941 912 1010 977 haee
1031 911 1083 977 di·

60 1000 169 1066 eenda
183 1013 230 1067 est
244 1025 252 1081 ;
282 1003 308 1066 si
327 1005 422 1068 talem
438 1024 502 1067 non
517 1002 648 1085 habeat,
666 1000 783 1068 dieitur
797 1006 945 1069 Praefatio
968 1004 1009 1070 de
1024 1008 1084 1072 Oe·

65 1106 150 1180 lava,
164 1097 248 1163 inira
264 1119 364 1185 quam
388 1098 561 1186 eontigerit
585 1098 736 1165 Volivam
753 1100 930 1184 celebrari;
944 1101 971 1164 si
993 1103 1082 1167 nulla

57 1202 211 1257 occurrat
232 1192 353 1259 Octava
368 1193 533 1278 propriam
546 1192 773 1257 Praelatiouem
788 1194 922 1274 habens,
943 1193 1082 1282 legenda

24 1353 27 1366 ,
61 1294 109 1348 est
136 1285 280 1370 praefatio
311 1283 352 1350 de
368 1288 524 1372 Tempore
539 1308 548 1364 3
566 1288 591 1350 si
606 1286 687 1351 nihil
704 1287 820 1351 horum
852 1299 1012 1368 occurrat,
1030 1288 1081 1353 di·

23 1367 26 1450 l
56 1378 144 1442 eitur
159 1381 308 1446 Prafatio
324 1381 508 1447 Communis
525 1382 600 1469 (Tit.
616 1381 691 1465 XII,
710 1402 744 1446 ιι.
763 1383 810 1466 l).

108 1473 227 1555 Quoad
243 1475 431 1541 Orationem
456 1475 739 1558 Conrmooiennter,
752 1496 824 1561 qnae
841 1475 923 1540 infra
934 1474 1080 1563 quadam

56 1569 133 1632 aani
149 1578 297 1656 tempora
313 1581 360 1636 est
367 1569 497 1657 propria
512 1594 547 1637 ι.
560 1568 563 1574 ’
574 1593 607 1658 g.
625 1571 709 1635 inira
724 1570 880 1636 Octavam
907 1571 1080 1636 Ascensio·

58 1663 117 1745 nis,
135 1663 207 1728 haec
221 1686 351 1753 quoque
364 1666 396 1729 iu
408 1666 545 1749 votivis,
563 1686 634 1753 quae
651 1674 727 1730 tune
742 1665 895 1750 temporis
910 1664 1079 1732 celebran-

56 1766 122 1836 tur,
141 1767 193 1822 est
207 1757 359 1825 dicanda.
655 1816 658 1822 .

100 1851 224 1937 Qnaest.
242 1853 317 1919 125.
339 1854 425 1934 Quid
438 1854 608 1919 notandam
623 1853 725 1941 quoad
737 1853 784 1916 Ile
798 1853 891 1917 Missa
904 1862 952 1917 est
965 1865 993 1918 et
1007 1853 1079 1919 olli·

55 1967 143 2010 mom
155 1948 365 2033 anaqels'om
377 1948 397 2012 P

98 2042 142 2106 R.
163 2040 300 2122 Quando
316 2042 497 2109 dictumest
513 2042 626 2123 Gloria
649 2041 681 2107 in
696 2041 824 2121 Votiva,
843 2038 962 2105 dieitur
980 2041 1078 2106 etiam

55 2133 101 2201 Ita
114 2137 216 2200 Missa
230 2149 302 2219 esl‚·
328 2139 444 2203 omisso
460 2159 537 2204 vero
565 2136 687 2219 Gloria,
716 2133 834 2200 dieitur
856 2135 1077 2201 Benedieamoa

55 2227 203 2309 Domino,
212 2230 307 2316 juxta
322 2235 508 2318 generalem
523 2232 556 2296 in
572 2231 659 2295 omni
687 2230 782 2294 Missa
808 2228 998 2296 servandam
1023 2250 1076 2293 re·

55 2323 253 2411 gulam(Tit.
265 2327 355 2407 XIII,
371 2349 403 2391 n.
422 2325 469 2410 1).

98 2417 219 2499 Quoad
232 2421 380 2486 ultimum
388 2421 599 2509 Evangelium
609 2421 642 2484 in
653 2420 758 2484 Missis
768 2418 802 2482 V
801 2419 890 2481 olioa's
906 2436 1075 2501 rronrqoem
1119 2499 1121 2503 Ι

49 2511 171 2598 beqitor
185 2517 219 2578 ia
232 2516 297 2600 fine
314 2516 402 2582 aliod
417 2515 625 2602 Eooaqeliom
635 2516 700 2578 nisi
711 2513 747 2578 S.
755 2514 889 2577 loannis
898 2510 970 2593 (Tit.
983 2511 1071 2594 XIII,

50 2625 86 2668 n.
104 2607 140 2687 2)
157 2629 165 2669 ε
183 2607 381 2674 invariabilis
398 2621 445 2675 est
466 2611 591 2697 regula,
622 2608 699 2673 lieet
720 2607 901 2672 celebretur
924 2605 955 2668 in
983 2600 1073 2669 Feria

50 2711 110 2765 aul
126 2701 248 2789 Vigilia
264 2706 428 2791 proprium
444 2706 585 2769 habenta
599 2704 824 2790 Evangeliom.

93 2794 294 2863 Notandum.
312 2799 345 2863 Si
362 2800 455 2864 Missa
469 2800 585 2869 Votiva
609 2798 734 2883 privata
749 2796 870 2861 cantari
894 2795 1071 2882 contingat,

46 2890 221 2955 celebrans
235 2893 282 2957 oti
295 2891 393 2960 debet
406 2905 480 2960 tono
495 2895 612 2959 feriali.
626 2894 705 2981 (Tit.
722 2893 796 2974 XII,
814 2913 848 2975 n,
862 2889 908 2976 l).

260 3079 289 3196 ξ.
312 3104 347 3178 3.
368 3103 581 3180 neVoova
604 3102 842 3179 solemnibus.

322 3318 397 3400 (ra.
414 3321 503 3404 vm,
524 3321 581 3401 rx,
600 3319 645 3386 ιιι
658 3330 690 3385 ιι
703 3319 791 3406 ιιι).

91 3527 216 3608 Quoest.
240 3528 315 3592 126.
341 3527 420 3608 Qooe
448 3540 492 3594 ost
519 3549 612 3594 eausa
638 3530 745 3614 oravit
768 3538 796 3592 et
819 3526 944 3612 poetica
973 3548 1065 3613 quom

43 3621 192 3686 Robrica
207 3624 380 3709 requirunt,
396 3633 433 3687 ot
443 3624 480 3688 ab
494 3623 665 3690 Ordiaorio
678 3626 775 3689 Missa
794 3622 828 3686 V
825 3624 907 3687 oliva
921 3621 1072 3710 solerroo's¹

37 3716 202 3780 cantanda
217 3717 314 3782 indici
326 3719 374 3784 oel
384 3721 526 3803 permitti
535 3717 662 3802 possit?

87 3812 135 3874 R.
159 3810 242 3874 Talis
265 3821 312 3876 est
326 3811 499 3897 spiritualis
515 3812 567 3878 vel
590 3812 775 3897 temporalis
790 3811 973 3891 necessitas,
992 3833 1062 3896 qnae

38 3903 324 3989 communitatem,
340 3906 393 3971 vel
408 3906 521 3986 saltem
543 3904 699 3992 majorem
716 3904 786 3992 ejus
811 3914 937 3990 partem
953 3905 1061 3988 affieit,

42 4016 77 4060 v.
96 4017 132 4081 g.
157 4017 215 4080 pro
227 3997 400 4063 obtinenda
411 4020 502 4085 paee,
519 4001 689 4066 serenitate
705 3998 787 4064 aeris
793 4022 802 4084 ;
820 4020 879 4084 pro
895 4000 1062 4087 acquiren-

38 4085 88 4153 do
100 4088 221 4177 insigni
236 4101 269 4157 el
292 4093 422 4178 publico
438 4093 593 4160 beneficio
606 4098 660 4161 vel
684 4090 861 4161 avertendo
880 4095 963 4158 male
979 4117 989 4176 ς
1003 4087 1061 4178 pro
