2754 4740
363 202 395 242 ur
410 201 562 246 auruleus
578 204 754 247 saevarum
1022 186 1063 250 17

52 306 173 370 Octava
185 323 384 384 communes,
398 325 609 392 quaecumque
623 306 715 369 Festa
726 306 821 369 ctiam
835 306 1064 393 Semidrrplicia

51 399 248 462 occurrentia
261 421 271 479 3
298 407 439 462 attamen
462 420 534 463 cum
565 400 635 463 aliis
657 398 786 464 Octavis
802 401 1010 486 privilegiatis
1026 403 1058 466 in

50 517 84 558 co
97 495 258 575 convenit,
272 491 359 579 quod
375 492 514 579 ejusfiat
529 494 812 576 Commemoratio,
830 497 904 560 licet
919 507 1064 564 occurrat

49 591 171 653 Festum
191 589 347 673 Duplcxl
369 589 424 666 cl.,
445 587 564 652 deinde
586 587 673 676 qnod
694 589 777 652 inira
802 589 885 654 hanc
908 590 1061 656 Octavam

49 685 139 748 ctiam
149 683 491 768 prohibeanturllissae
503 685 627 750 Votivoe
641 695 672 749 ct
688 685 728 748 dc
743 684 901 771 Requiem
916 685 1060 770 privatae.

142 907 170 999 t.
202 907 238 980 7.
268 907 323 982 Dc
351 905 480 1001 Officio
506 906 544 982 S.
574 906 706 982 Μανία
731 911 772 982 tu
788 905 956 986 Satoaeo.

448 1133 524 1219 (ru.
549 1131 652 1217 vm).

86 1352 204 1432 Quaest.
224 1351 278 1415 55.
299 1349 385 1428 Quid
396 1348 565 1412 uotomlum
578 1348 680 1434 quoad
691 1348 746 1414 hoc
759 1349 931 1438 Officium?

84 1447 124 1509 a.
150 1445 247 1508 Juxta
261 1444 323 1507 Tit.
347 1443 437 1518 Vlll,
465 1442 610 1528 quolibet
635 1439 900 1530 Sabbato(modo
928 1467 993 1510 non
1022 1447 1063 1514 sit

47 1536 233 1623 impeditum
259 1539 353 1602 Festo
374 1557 491 1601 novem
507 1537 707 1616 Lectionum,
722 1541 774 1602 vcl
787 1539 890 1622 aliter,
903 1552 999 1625 prout
1016 1542 1061 1606 ibi

47 1632 169 1716 dicitur)
184 1633 337 1697 recitatur
352 1630 499 1694 Officium
516 1628 556 1692 de
581 1630 617 1694 S.
642 1632 745 1694 Μανία
767 1631 956 1698 admodum
980 1637 1065 1701 Festi

47 1725 218 1809 Siouplici85
241 1724 418 1789 Sabbatum
440 1724 525 1786 enim
550 1733 597 1787 cst
612 1725 653 1788 ab
670 1726 890 1812 antiquissimo
918 1737 1061 1816 tempore

50 1821 80 1885 ll.
107 1822 150 1884 Μ.
180 1821 222 1887 V.
255 1819 354 1883 cultui
382 1818 423 1882 ab
445 1819 586 1882 Ecclesia
614 1817 810 1886 dedicatum.
834 1822 968 1903 Verum,
992 1825 1062 1888 loco

48 1915 138 2000 liujus
153 1914 269 1995 Officii,
287 1913 434 1998 pluribus
447 1914 480 1976 in
495 1914 584 1994 locis,
606 1914 652 1978 uti
669 1914 755 2000 apud
771 1939 840 2000 nos,
854 1916 1008 1980 recitatur
1025 1940 1065 1982 cx
1258 1936 1334 2025 W.

49 2010 246 2073 concessione
261 2007 428 2072 Benedicti
443 2008 521 2070 Xlll
535 2006 679 2093 Officium
693 2009 728 2072 V
726 2013 840 2074 olivum
856 2011 1065 2078 Immaculutoe
1110 2007 1166 2126 [μ
1197 1995 1276 2137 OQ
1287 2015 1334 2102 (el

51 2101 262 2187 Conceptiom's
284 2103 324 2164 B.
342 2102 387 2164 M.
417 2100 460 2164 V.
479 2098 659 2187 etquidem
685 2101 749 2165 ritu
769 2077 924 2214 limpha}
950 2083 1181 2211 conse-*w
1192 2085 1283 2165 (ΒΨ

57 2207 188 2281 quonian
199 2195 349 2260 Officium
364 2193 404 2257 de
417 2195 450 2258 S.
462 2195 561 2258 Maria
575 2195 606 2258 io
624 2194 765 2260 Sabbato
781 2220 845 2263 non
861 2198 998 2284 amplius
1012 2201 1133 2331 hicffsr
1149 2248 1153 2268 .
1181 2245 1186 2260 ι
1230 2207 1368 2302 oursel*

57 2290 157 2354 locam
171 2289 295 2354 habere
310 2298 427 2374 potest.
1091 2277 1217 2405 diff]
1231 2337 1256 2396 t'.
1296 2363 1325 2382 Α,
1346 2353 1358 2390 ι

95 2383 286 2448 Conferatur
315 2383 517 2448 Breviarinm
539 2382 580 2448 ad
596 2386 715 2449 calcem
731 2385 787 2449 ubi
811 2347 1361 2498 P⁰¹11¹¹¹l¹¹r0ffiiaewois‚m'ii

56 2476 98 2538 eia
114 2485 183 2562 quae
198 2477 376 2542 Ecclesiam
390 2477 605 2542 universalem
617 2499 681 2541 non
694 2478 849 2566 obligant,
864 2477 922 2545 sed
937 2477 1189 2622 quibus-Zugal*⁴
1203 2455 1369 2586 W

56 2569 124 2634 dam
139 2573 249 2659 regnis
264 2572 317 2637 ael
334 2571 509 2656 provinciis
524 2593 674 2637 concessa
690 2582 775 2636 sunt.
1354 2615 1363 2639 t

96 2665 213 2729 Similis
226 2665 390 2729 concessio
404 2665 489 2730 lacta
506 2676 553 2730 cst
571 2688 590 2729 a
614 2666 778 2731 Clemente
801 2668 847 2730 Xl
862 2678 909 2750 ut,

55 2781 114 2822 non
126 2758 293 2845 impedita,
310 2760 463 2825 recitetur
478 2761 625 2826 Officium
635 2762 789 2828 Votivum
805 2761 846 2826 de
859 2751 1253 2854 Sanctissimoowmg:

57 2851 334 2936 Sacramento,sed
345 2854 406 2918 sub
422 2856 486 2919 ritu
502 2854 723 2942 Semiduplici.
785 2866 788 2872 '

91 2946 236 3036 liabetur
251 2957 283 3011 ct
299 2945 386 3010 atiud
402 2949 550 3013 Officium
567 2948 607 3013 de
632 2952 732 3014 Beata
760 2949 793 3013 in
818 2950 881 3013 fine
906 2951 1065 3018 Breviarii

56 3039 136 3122 quod
146 3041 349 3105 inscribitur:
367 3041 509 3128 Officium
523 3067 657 3129 parvum
669 3048 709 3110 Β.
726 3047 846 3124 Μανία,
862 3045 919 3110 sed
935 3050 1065 3113 alterius

57 3142 98 3194 est
109 3155 235 3217 prorsus
246 3135 390 3199 rationis.
406 3138 531 3202 Etenim
547 3139 696 3205 Officium
709 3140 743 3203 S.
759 3141 865 3204 Mariae
879 3143 911 3204 in
924 3143 1065 3208 Sabbato

58 3226 85 3286 vi
95 3227 307 3292 Rubricarum
320 3232 518 3314 generalium
532 3234 686 3298 recitatur
697 3235 767 3298 loco
780 3234 883 3299 Officii
897 3233 937 3298 de
953 3238 1045 3302 Faria
1052 3260 1063 3321 3

58 3313 129 3380 dum
146 3341 164 3381 c
183 3330 295 3384 contra
322 3320 469 3386 Officium
492 3346 629 3409 parvum
650 3327 690 3390 B.
715 3327 822 3391 Μανία
841 3327 1068 3412 superadditur

59 3408 163 3475 Officio
189 3411 268 3477 diei.
291 3414 442 3480 Attamen
466 3421 500 3483 S.
524 3421 600 3484 Pius
622 3420 652 3486 V
677 3422 723 3506 (in
747 3442 803 3484 sua
825 3422 919 3484 Bulla
941 3421 1033 3500 Quod
1047 3445 1068 3486 α

58 3505 150 3590 uobis,
170 3507 246 3572 anni
265 3509 368 3588 1568,
392 3510 484 3596 cujus
507 3535 630 3578 samma
650 3516 768 3602 legitur
785 3514 875 3578 initio
895 3515 1068 3602 Breviarii)

61 3598 134 3662 utta
159 3606 277 3686 peccati
301 3604 527 3690 olliuotiouem,
556 3631 624 3695 quoe
649 3622 714 3674 crat
736 3607 887 3692 recitandi
915 3612 949 3671 iu
966 3607 1068 3696 Chore

63 3691 199 3778 Officium
208 3719 340 3781 paruum
352 3701 391 3762 Β.
400 3701 513 3766 Μανία
525 3714 551 3765 et
565 3703 800 3788 Defunctorum,
814 3700 1068 3767 PsalmosPoeoi·

61 3788 204 3872 teatinus,
222 3803 249 3855 ct
273 3791 456 3876 Groduoles,
468 3796 723 3882 juutolludr·icos
737 3799 903 3860 Breviorii.
916 3797 1070 3862 Hortatur

63 3891 93 3942 ut
104 3887 264 3949 recitentur·
278 3887 392 3966 eodem,
402 3893 570 3974 propositis
585 3890 791 3976 ludulqcutiis
795 3937 876 3956 ......
885 3891 958 3956 Nou
970 3904 1069 3956 lamen

64 3975 137 4040 tollit
149 3978 333 4045 laudabilem
349 3985 607 4066 cousuetudinem,
624 3984 678 4048 uti
692 3995 745 4065 est,
762 3985 911 4049 recitandi
924 3985 1069 4072 Officium

61 4093 186 4154 pravum
201 4082 240 4142 Β.
258 4081 366 4143 Μανίαν
380 4084 413 4144 io
433 4081 545 4162 Chore,
559 4084 619 4146 imo
631 4082 764 4148 eumdem
778 4085 950 4169 coufirmat.
