2832 4730
484 209 659 254 nnuvrsnu.
1028 187 1064 249 ul

115 316 143 377 5.
168 311 276 377 Habet
292 319 390 374 tolum
408 309 554 374 Officium
571 313 744 400 integrum,
761 311 843 374 sicul
857 310 994 396 Duplex,
1016 306 1073 372 sod

81 429 134 470 uon
150 406 360 492 duplicantur
369 404 574 490 Antiphonae.

118 514 147 578 l.
173 510 226 576 Ad
242 509 432 576 Matutiuum
448 509 600 576 dicuntur
614 521 679 576 tres
691 511 857 593 Nocturni,
873 520 1086 598 praeterquam

81 611 155 673 inlra
181 608 318 673 Octavus
333 606 462 672 Paschae
486 617 518 670 ct
544 609 761 691 Pentecostes,
783 610 816 673 in
839 608 956 696 quibus
972 603 1089 670 dicitur

83 725 174 768 uuum
195 704 394 766 Nocturnum
411 722 483 766 cum
501 703 604 767 tribus
615 705 762 786 Psalmis,
776 715 808 769 et
819 702 953 768 totidem
966 701 1089 768 Lectio·

20 821 21 824 ¹
84 799 185 880 uibus,
202 807 236 860 et
249 796 441 883 regulariter
456 797 586 884 quaudo
611 797 765 863 dicuutur
780 809 843 864 tres
858 799 1023 880 Nocturni,
1040 794 1091 860 di-

85 905 196 957 cuntur
210 913 328 956 novem
342 893 472 972 Psalmi,
492 903 523 958 ct
540 893 673 959 tolidem
695 895 873 974 Lectiones,
890 894 1030 980 exceptis
1054 892 1092 955 iis

86 988 266 1070 Dominicis,
285 988 316 1050 iu
339 987 456 1074 quibus
485 988 520 1052 lit
549 989 697 1054 Officium
713 1000 749 1054 ut
775 989 808 1054 in
835 989 1002 1072 Psalterio,
1020 1009 1091 1074 qua

86 1083 199 1146 babent
212 1079 388 1146 octodecim
404 1082 558 1164 Psalmos,
572 1093 607 1146 ut
622 1083 679 1148 ibi.

124 1189 154 1254 5.
181 1186 350 1270 Quomodo
365 1190 405 1252 sit
417 1188 632 1254 ordinandum
646 1191 794 1256 Officium
807 1189 1016 1277 Scmiduplex
1029 1199 1090 1254 taur

86 1285 114 1347 in
128 1285 241 1365 Festis,
259 1305 355 1371 quam
372 1285 404 1348 in
421 1285 607 1366 Dominicis,
623 1297 655 1351 ct
669 1287 752 1351 inlra
780 1287 928 1367 Octavus,
956 1286 1031 1349 item
1061 1292 1095 1346 ct

86 1379 123 1444 dc
143 1379 352 1464 Antiphonis,
380 1379 550 1457 Versibus,
576 1381 813 1466 Responsoriis,
846 1391 879 1445 et
907 1373 1092 1465 hujusmodi

86 1483 162 1562 aliis,
181 1492 215 1545 et
229 1478 359 1566 quaudo
376 1481 407 1544 in
424 1479 634 1568 Semiduplici
652 1481 802 1549 dicantur
815 1486 933 1548 Preces
959 1479 1000 1546 ad
1026 1478 1093 1543 Pri-

87 1599 180 1657 mum,
197 1587 231 1640 et
243 1575 507 1662 Completorium,
527 1589 558 1642 ct
574 1577 733 1666 Suffragia
747 1578 787 1643 de
804 1579 927 1643 Sanctis
953 1575 994 1642 ad
1014 1575 1096 1643 Vos-

86 1693 189 1832 pprps,
207 1681 239 1736 ct
253 1669 393 1752 Laudes,
418 1672 585 1738 habentur
600 1674 735 1740 inferius
752 1671 794 1738 de
810 1673 943 1760 singulis
960 1669 1097 1758 propriu

115 1789 134 1830 u
161 1788 247 1831 rrcae.

340 2063 417 2140 ΙΙΙ.
445 2063 501 2140 Do
519 2062 649 2158 Officio
665 2062 848 2163 Simplici.

136 2365 167 2428 l.
193 2360 342 2427 Officium
358 2361 393 2425 iit
410 2358 553 2445 Simplex
577 2357 609 2421 in
625 2355 740 2421 dicbus
755 2358 944 2438 Ferialibus,
970 2353 1100 2443 quando

93 2457 230 2521 occurrit
244 2455 314 2520 lieri
330 2452 473 2518 daFeria
492 2476 500 2517 ε
529 2455 606 2518 item
622 2453 655 2516 in
669 2453 782 2535 Festis,
801 2454 918 2540 quibus
931 2453 963 2516 iu
979 2452 1101 2515 Kalen-

94 2549 183 2614 dario
204 2571 268 2614 non
285 2549 458 2634 apponitur
480 2547 549 2612 haec
563 2570 626 2614 vox
643 2548 781 2632 Duplex,
804 2548 857 2611 vel
881 2544 1100 2630 Samiduplex‚

95 2646 145 2709 vel
161 2642 202 2706 de
218 2643 357 2708 Octava:
389 2643 466 2707 item
482 2641 612 2730 quando
623 2643 659 2708 fit
673 2640 714 2706 do
729 2642 769 2706 B.
784 2642 884 2706 Maria
900 2642 933 2706 iu
948 2640 1101 2722 Sabbato,

96 2749 130 2802 ut
142 2739 173 2802 in
190 2739 261 2825 ejus
270 2738 414 2803 Robrica
430 2738 566 2803 dicetur.

137 2848 170 2911 2.
195 2849 242 2910 Dc
254 2849 347 2911 Festo
362 2847 507 2932 Simplici
520 2848 556 2914 fit
571 2870 609 2914 co
624 2846 678 2912 die
695 2870 759 2938 quo
782 2846 878 2929 eadit,
906 2846 967 2912 nisi
990 2843 1102 2910 codem

98 2935 150 3003 die
163 2950 311 3005 occurrat
326 2941 394 3004 lieri
411 2942 558 3008 Officium
586 2965 703 3010 novem
728 2945 926 3027 Lectionum,
948 2944 996 3009 vol
1012 2940 1052 3005 de
1069 2942 1103 3006 S.

98 3032 199 3097 Maria
215 3035 248 3097 in
264 3034 416 3114 Sabbata,
427 3038 480 3100 vel
496 3036 536 3101 dc
552 3038 712 3125 aliquibus
721 3038 833 3120 Feriis,
847 3037 964 3126 quibus
977 3036 1105 3100 Festum

100 3128 243 3214 Simplex
259 3127 356 3211 cedit,
382 3139 419 3194 ut
444 3129 569 3196 dicetur
584 3132 617 3196 in
632 3131 783 3197 Rubricis
808 3129 848 3196 de
870 3131 982 3206 Feriis,
1010 3138 1042 3195 et
1066 3125 1107 3190 de

100 3222 480 3291 Commemorationibus.

144 3333 178 3394 5.
201 3329 307 3396 Habet
321 3342 442 3397 tantum
459 3335 579 3420 primas
593 3336 762 3421 Vesperas,
779 3335 812 3398 in
828 3334 944 3421 quibus
960 3331 1110 3396 dicuntur

100 3427 220 3490 Psalmi
232 3427 373 3506 feriales,
387 3439 418 3493 et
439 3429 617 3515 aCapitulo
630 3431 666 3494 fit
679 3429 720 3494 dc
748 3433 853 3513 Festo,
878 3429 939 3492 nisi
969 3449 1042 3491 cum
1072 3448 1110 3490 co

103 3531 273 3586 concurrat
287 3522 433 3588 Officium
450 3547 567 3592 novem
582 3526 781 3606 Lectionum,
798 3525 873 3611 quia
884 3534 959 3588 tunc
975 3521 1015 3585 de
1028 3543 1065 3585 eo
1076 3521 1111 3585 fit

103 3617 171 3681 sola
197 3617 478 3702 commemoratio,
496 3630 533 3684 ut
548 3618 673 3684 dicetur
688 3621 721 3683 in
735 3619 878 3684 Robrica
908 3616 948 3680 de
976 3615 1113 3681 Concur-

105 3711 209 3776 rentia
226 3712 354 3780 Officii:
373 3724 404 3778 ct
420 3713 489 3800 ejus
504 3715 653 3800 Officium
670 3715 859 3779 terminatur
874 3711 914 3776 ad
931 3713 1065 3794 Nonam,
1083 3717 1116 3773 ut

106 3805 187 3867 nihil
203 3806 338 3890 amplius
354 3807 389 3870 iit
404 3806 444 3871 de
460 3829 511 3892 eo,
527 3830 587 3873 nec
603 3807 883 3881 Commemoratio.

154 3914 189 3977 4.
211 3913 261 3980 Ad
284 3916 475 3981 Matutinum
502 3927 573 4003 post
598 3917 821 3984 invitatorium
838 3925 869 3981 ct
883 3915 1046 4002 Hymnum
1075 3909 1116 3974 de

108 4013 215 4091 Festo,
238 4009 357 4075 dicitur
371 4033 472 4076 uuum
489 4022 612 4078 tantum
628 4014 825 4078 Nocturnum
850 4032 923 4074 cum
946 4005 1118 4072 duodecim

110 4105 255 4188 Psalmis,
272 4116 309 4172 ut
324 4107 357 4170 in
369 4109 536 4194 Psalterio,
549 4107 725 4175 secuudum
737 4107 862 4173 Feriam
876 4127 947 4194 quae
961 4101 1117 4169 occurrit:

202 4231 291 4272 narrar.
304 4232 325 4266 ur
337 4233 379 4267 aua
924 4208 944 4267 O
