2764 4742
313 225 353 288 et
741 237 886 281 nurerum

314 345 410 412 modo
425 341 588 432 agendum
603 341 645 407 sit
659 339 818 420 Officium,
834 339 974 404 liabetur
988 341 1019 405 in
1037 345 1165 430 propria
1178 348 1307 414 Robrica

314 451 388 507 ante
402 436 633 504 DominicemJ
648 445 721 522 post
730 435 955 521 Epiphaniam.
1362 509 1363 518 ἵ

358 537 391 600 7.
417 534 496 600 Cum
509 542 616 597 autem
629 531 660 594 in
675 531 810 617 Proprie
833 528 875 594 de
896 532 1054 617 Tempore
1082 531 1199 600 dicitur
1220 538 1313 624 aliqua

316 629 483 698 Dominiea
498 649 567 693 esse
579 627 682 713 prima
705 626 835 699 mensis,
852 626 884 689 in
903 647 966 712 qua
994 628 1097 711 primo
1121 632 1248 713 ponitur
1263 635 1314 696 ieri-

317 730 395 792 tium
418 724 493 790 libri
519 722 560 786 dc
588 723 753 806 Scriptura
774 742 850 786 oum
873 741 930 784 sua
955 722 1100 802 historia,
1126 723 1159 788 id
1189 737 1314 792 osteum

316 818 550 905 Responsoriis,
565 814 888 880 animadvertendum
915 825 974 897 est,
1006 839 1076 882 eam
1103 819 1166 884 dici
1194 823 1316 907 primam

317 915 516 981 Domiuienm
553 911 694 993 mensis,
734 932 805 997 que
843 911 931 976 venit
969 911 1002 975 in
1046 912 1203 978 Kalendis
1245 916 1317 978 illius

318 1011 447 1092 mensis,
484 1011 536 1075 vel
566 1017 614 1072 est
640 1005 817 1092 proximior
845 1003 1013 1087 Kalendis,
1046 1007 1109 1072 hoe
1134 1007 1256 1073 modo:
1291 1009 1317 1072 Si

319 1103 474 1184 Kalendae
490 1104 639 1170 venerint
661 1102 694 1165 in
714 1102 749 1166 Ι]
776 1111 807 1165 et
832 1101 882 1165 IlJ
907 1111 938 1164 et
967 1103 1012 1168 IV
1037 1103 1141 1185 Feria,
1169 1104 1322 1169 Dominiea

319 1203 424 1290 prima
438 1199 555 1264 mensis
567 1198 628 1262 erit
639 1218 709 1284 quae
724 1195 881 1282 praecedit
894 1197 1069 1280 Kalendas,
1086 1201 1163 1265 lieet
1178 1201 1283 1266 veniat
1296 1200 1321 1262 iu

320 1294 512 1383 precedenti
526 1315 635 1358 mense
650 1316 658 1356 z
678 1295 705 1358 si
720 1302 830 1357 autem
848 1290 1005 1356 Kalendae
1032 1296 1183 1361 venerint
1198 1297 1273 1362 inv
1298 1305 1324 1358 et

321 1393 366 1460 Vl
384 1390 488 1469 Feria,
505 1400 537 1453 et
553 1389 585 1452 in
601 1387 755 1470 Sabbalo,
768 1387 873 1473 prima
888 1388 1054 1471 Domipica
1069 1389 1130 1454 crit
1144 1412 1216 1476 quae
1231 1389 1326 1475 sequi-

324 1494 375 1549 tur
390 1493 461 1570 post
482 1483 565 1568 ipsas
581 1479 755 1545 Kalendas.
784 1482 951 1546 Dominica
967 1493 1073 1548 autem
1092 1485 1195 1570 prima
1210 1483 1324 1549 Adven-

325 1589 375 1644 tus
413 1600 478 1642 nou
515 1578 652 1641 sumitur
688 1597 738 1658 ea,
775 1598 847 1662 quse
884 1589 931 1642 est
969 1580 1144 1662 proximior
1182 1577 1327 1645 Kalendis

322 1673 519 1757 Decembris,
543 1670 599 1736 sed
613 1672 707 1736 Festo
723 1672 757 1735 S.
773 1670 922 1756 Andreae,
936 1675 989 1739 vel
1001 1696 1071 1761 quae
1084 1676 1210 1740 venerit
1221 1676 1253 1738 in
1270 1675 1327 1758 ipso

324 1770 428 1834 Festo.

369 1865 401 1928 8.
426 1864 574 1930 Officium
585 1865 758 1930 Dominieae
773 1863 808 1927 fit
823 1861 1042 1949 Semiduplex,
1058 1872 1090 1927 et
1104 1863 1218 1950 incipit
1233 1885 1251 1926 a
1273 1861 1327 1947 pri·

326 1961 386 2024 mis
401 1960 552 2045 Vesperis
563 1960 596 2022 in
612 1959 777 2024 Sabbato:
803 1967 834 2022 ct
845 1957 944 2022 habet
961 1967 1061 2022 toturn
1082 1958 1229 2023 Officium
1257 1957 1328 2018 inte-

327 2076 420 2141 grum
435 2053 594 2141 usquead
616 2053 868 2139 Completorium
884 2053 1062 2117 Dominicse·
1085 2053 1255 2130 inclusive,
1278 2048 1327 2113 nisi

326 2170 398 2212 curn
412 2147 519 2235 aliquo
534 2158 715 2228 concurrat,
733 2158 769 2211 ut
783 2145 910 2210 dicetur
924 2147 958 2210 in
972 2146 1115 2212 Robrica
1132 2144 1174 2210 de
1198 2147 1328 2211 Concur-

326 2242 429 2307 reutia
445 2242 561 2308 Officii.
1368 2255 1369 2258 ’

371 2339 403 2402 9.
428 2336 479 2401 Ad
495 2337 686 2402 Matutinum
701 2335 851 2401 dicuntur
863 2345 926 2400 tres
937 2335 1090 2400 Nocturni
1104 2355 1178 2399 cum
1194 2333 1328 2406 Psalmis,

328 2442 364 2496 ut
379 2431 412 2494 in
423 2430 599 2512 Psalteri03
624 2441 657 2495 ct
675 2433 829 2518 leguntur
840 2450 956 2493 novem
970 2429 1151 2512 Lectiones,
1169 2439 1205 2492 ut
1220 2429 1253 2492 in
1264 2428 1330 2490 Pro·
1369 2481 1370 2492 ,

273 2524 275 2528 ’
329 2525 399 2611 prio
414 2521 455 2586 de
470 2524 638 2608 Tempore.

373 2618 425 2682 10.
448 2614 617 2698 Quomodo
638 2625 746 2682 autem
768 2616 809 2682 sit
837 2616 1053 2682 ordinandum
1078 2615 1148 2702 ejus
1179 2613 1329 2691 Officium,

328 2715 460 2797 insuper
472 2721 504 2776 et
520 2710 561 2776 de
575 2711 793 2795 lectionibus,
809 2714 1045 2799 Responsoriis,
1063 2723 1096 2777 et
1112 2713 1196 2792 aliis,
1214 2720 1247 2774 et
1261 2731 1332 2794 quo·

329 2805 426 2872 modo
457 2807 548 2871 initia
576 2808 732 2871 librorum
750 2809 922 2893 Scriptura
948 2831 1022 2874 eum
1039 2829 1095 2872 sua
1122 2807 1255 2872 historia
1280 2804 1334 2866 sint

333 2899 490 2987 ponenda,
506 2901 667 2967 habentur
683 2900 723 2966 de
739 2901 872 2988 singulis
883 2903 1017 2967 inferius
1028 2902 1166 2991 propriae
1178 2898 1332 2966 Robrica.

690 3119 738 3195 V.
768 3121 823 3194 De
840 3120 975 3195 Feriis.

378 3350 409 3412 1.
435 3349 583 3414 Officium
608 3348 744 3430 Feriale,
781 3348 842 3412 hoc
865 3357 922 3431 est,
954 3349 1097 3434 Simplex
1125 3347 1338 3436 deflempore

333 3443 524 3526 occurrenti,
541 3455 636 3528 prout
651 3443 682 3507 in
698 3443 851 3508 Psalterio
868 3453 900 3507 et
914 3444 1048 3529 Proprie
1061 3442 1101 3507 dc
1113 3444 1270 3530 Tempore
1287 3443 1337 3504 lra-

334 3538 440 3617 betur,
466 3539 501 3602 fit
524 3559 649 3624 semper
679 3540 712 3602 in
740 3538 840 3602 Feriis
867 3536 1045 3620 Adventus,
1071 3536 1336 3626 Quadragesimae,

335 3631 479 3711 Quatnor
499 3634 703 3717 Temporum,
735 3633 939 3720 Vigiliarum,
967 3644 999 3697 et
1025 3634 1057 3697 in
1086 3634 1179 3698 Feria
1204 3630 1338 3699 secunda

334 3725 561 3808 Rogationem,
586 3725 715 3812 quando
738 3727 820 3791 inlra
840 3726 1084 3792 Hebdomadam
1114 3750 1179 3792 non
1207 3725 1338 3794 occurrit

335 3818 460 3881 Festum
490 3821 625 3900 Duplex,
642 3824 693 3887 vel
716 3822 935 3908 Semiduplex,
967 3825 1017 3888 rel
1040 3821 1081 3887 de
1096 3822 1240 3889 Octava:
1270 3821 1338 3910 quia

335 3923 411 3978 tune
423 3909 463 3974 de
478 3912 662 3998 hujusmodi
675 3917 775 3980 Feriis
786 3917 820 3982 fit
832 3917 1110 3998 Commemoratio,
1124 3928 1160 3981 ut
1172 3917 1296 3983 dicetur
1310 3915 1336 3977 in

334 4005 477 4072 Rubriea
492 4006 533 4072 de
550 4009 926 4080 commemorationibus.
943 4016 976 4080 Si
991 4037 1066 4079 vero
1087 4015 1119 4078 in
1137 4015 1184 4079 eis
1199 4020 1337 4080 occurrat

336 4101 462 4166 Festum
476 4101 630 4186 Simplex,
646 4106 687 4170 de
704 4129 742 4172 eo
757 4107 792 4172 fit
814 4119 936 4174 tantum
961 4109 1239 4174 Commemoratio.
1264 4110 1336 4172 ltern
