2764 4742
323 279 343 342 6
779 303 885 345 aunum

321 407 473 492 quopiam
493 404 687 470 adminiculo
719 406 830 468 Romae
859 405 1025 491 impressa,
1052 403 1200 470 eamdem
1217 405 1330 490 ubique

322 502 467 566 locorum
492 498 589 563 fidem
619 500 749 579 faciant,
763 520 861 584 quam
878 500 954 586 ipsae
982 509 1166 585 presentes,
1190 500 1217 563 si
1236 505 1332 562 essent

323 594 486 677 exhibite,
513 595 564 659 rel
580 603 726 658 ostense.
742 592 807 658 Sed
823 605 860 660 ut
873 594 1076 660 Breviarium
1089 595 1200 680 ipsum·
1220 593 1333 678 ubique

321 690 510 755 inviolatum
534 697 566 752 et
595 689 816 774 incorruptum
838 689 1017 754 habeatur:
1048 691 1274 776 prohibemus,
1299 707 1332 749 ue

323 785 400 849 alibi
421 807 557 873 usquam
590 784 622 849 in
648 795 715 850 toto
736 785 840 868 orbe,
868 787 936 850 sine
957 796 1088 865 nostra,
1114 789 1170 850 vel
1195 781 1334 870 specialis

323 875 414 942 adid
433 878 613 944 Comissarii
635 875 822 963 Apostolici,
849 880 881 942 in
905 878 1041 964 singulis
1066 879 1240 944 Christiani
1257 873 1333 938 orbis

323 974 431 1059 regnis
459 984 491 1038 et
516 973 690 1059 provinciis
729 970 919 1057 deputandi,
946 993 1096 1058 expressa
1120 972 1254 1037 licentia
1278 969 1331 1030 im·

323 1068 492 1152 primatur,
509 1078 719 1153 proponatur,
737 1069 789 1131 vol
803 1067 989 1153 recipiatur.
1007 1068 1239 1154 Quoscumque
1252 1083 1333 1144 vero,

325 1163 380 1249 qui
403 1161 484 1227 illud
506 1184 597 1227 secus
622 1162 853 1248 impresserint,
879 1165 1116 1248 proposuerint,
1128 1165 1182 1226 vel
1208 1177 1335 1242 recepe-

324 1258 400 1337 rint,
418 1257 756 1322 excommunicationis
777 1258 936 1321 sententia
967 1279 1004 1320 eo
1042 1258 1112 1343 ipso
1135 1253 1333 1320 innodamus.

325 1350 411 1412 Nulli
426 1371 503 1436 ergo
519 1348 648 1413 omnino
668 1349 837 1414 hominum
852 1350 948 1415 liceat
960 1349 1045 1414 hanc
1058 1351 1215 1436 Paginam
1229 1355 1335 1410 nostra

325 1442 506 1522 ablationis,
534 1442 728 1524 abolitionis,
757 1444 987 1529 permissionis,
1016 1443 1245 1523 revocationis,
1271 1439 1336 1525 jus-

325 1535 434 1618 sionis,
464 1538 626 1621 precepti,
651 1537 771 1618 statuti,
795 1535 925 1616 indulti,
956 1535 1112 1619 mandati,
1137 1534 1274 1615 decreti,
1290 1551 1336 1593 re-

325 1633 504 1715 laxationis,
536 1633 775 1712 cohortationis,
804 1633 1043 1718 prohibitionis,
1062 1630 1291 1710 innodationis,
1311 1635 1338 1686 et

325 1726 499 1789 voluntatis
515 1726 703 1811 infringere,
714 1728 767 1791 vel
781 1728 809 1790 ei
826 1747 906 1791 ausu
928 1725 1098 1790 temerario
1115 1723 1288 1789 contraire.
1307 1718 1335 1781 Si

327 1819 399 1905 quis
423 1829 531 1884 autem
546 1821 608 1884 hoc
634 1829 791 1884 attentare
815 1820 1063 1906 presumpserit,
1088 1816 1337 1905 indignationem

327 1912 554 1998 omnipotentis
565 1916 622 1978 Dei
637 1917 855 1979 acBeatorum
869 1915 957 1979 Petri
970 1924 998 1976 et
1013 1914 1105 1977 Pauli
1116 1912 1337 1998 Apostolorum

327 2007 409 2093 ejus,
426 2030 459 2071 sc
475 2011 602 2075 noverit
616 2011 831 2076 incursurum.

370 2104 488 2165 Datum
526 2105 637 2169 Romae
657 2104 743 2190 apud
773 2108 806 2170 S.
841 2109 975 2171 Petrum
1001 2125 1085 2168 anno
1112 2097 1337 2166 lucarnationis

327 2197 456 2259 Domini
473 2198 515 2260 M.
526 2200 574 2274 D.
604 2200 765 2283 vanl,
781 2201 917 2286 septimo
940 2198 1017 2263 Idus
1032 2198 1120 2282 Iulii,
1137 2195 1337 2260 Pontificatus

328 2291 428 2354 nostri
459 2313 543 2357 anno
564 2294 671 2358 tertio.
929 2309 932 2315 ’

394 2387 438 2450 Μ.
457 2389 531 2454 Dat.
666 2389 948 2456 Cesttlorierius.
1003 2357 1010 2366 ’
1081 2387 1277 2473 A·.Cumya.

365 2615 446 2670 Anno
457 2631 474 2669 a
484 2613 574 2671 Naliv.
589 2614 703 2670 Domini
720 2614 929 2686 1568.,1ndiot.
945 2613 1002 2686 XL,
1015 2612 1059 2668 die
1084 2615 1117 2667 15
1142 2611 1244 2667 mensis
1267 2606 1337 2674 tulii,

330 2697 410 2752 Ponl.
435 2696 480 2754 SS.
496 2699 529 2752 D.
552 2698 585 2753 N.
605 2697 648 2752 Pii
665 2699 746 2769 Papae
765 2698 874 2752 Vanuo
898 2698 944 2768 lll,
959 2696 1098 2768 praedietae
1111 2695 1223 2750 Litterae
1245 2695 1336 2765 Apost·

329 2781 417 2850 lectae,
439 2781 537 2852 affixae,
561 2784 588 2836 et
608 2781 756 2853 publicatae
790 2783 904 2836 fuerunt
928 2781 964 2836 ad
985 2781 1076 2835 valvas
1101 2779 1180 2833 hasil.
1208 2773 1339 2846 Principis

328 2863 451 2934 Apostol.
467 2866 495 2917 et
517 2863 546 2916 in
560 2863 619 2918 acle
636 2864 734 2936 Campi
748 2865 847 2934 Flore,
870 2863 997 2920 dimissis
1026 2863 1132 2918 ibidem
1155 2861 1256 2917 littoris
1278 2855 1339 2929 ipsis

328 2962 377 3018 per
393 2946 600 3018 aliquantulum
611 2950 744 3019 temporis
753 2949 877 3020 spatium
890 2952 923 3002 ut
939 2947 1025 3004 moris
1035 2950 1087 3016 est,
1102 2946 1191 3001 affixis
1204 2948 1232 3000 et
1244 2940 1339 3001 deinde

329 3029 431 3168 {motis
453 3046 503 3101 per
517 3030 572 3086 Iul.
595 3031 728 3086 parinum
743 3036 771 3087 et
789 3033 867 3088 toan.
892 3033 1047 3088 Barnotum
1067 3029 1113 3086 SS.
1134 3029 1221 3103 ipsius
1235 3021 1340 3084 Domini

353 3129 471 3169 ursores.

800 3201 868 3255 Ant.
892 3199 991 3256 Clerici
1010 3200 1082 3270 Mag.
1104 3198 1267 3254 Corsorum.

692 3402 939 3434 --ω-ι-ιινῆιψμ-

676 3587 808 3633 cunutus
831 3589 905 3632 rnen
926 3588 992 3634 v111.

526 3772 588 3849 Aa
599 3785 817 3870 perpetuom
836 3780 892 3850 roi
909 3772 1143 3850 memoriane.

375 3995 453 4060 Cum
482 3995 515 4056 in
545 3995 686 4060 Ecclesia
703 3995 864 4060 Catholica
886 4019 904 4060 a
928 3994 1053 4059 Christo
1075 3992 1212 4055 Domino
1235 3997 1337 4054 nostro

330 4093 390 4157 suh
404 4110 467 4155 uno
497 4092 599 4177 capite
619 4091 689 4175 ejus
714 4093 744 4155 in
760 4093 854 4157 terris
869 4091 997 4159 Vieario
1021 4089 1175 4169 instituta,
1204 4086 1290 4166 unio,
1310 4086 1338 4141 ot

331 4210 441 4252 aarum
463 4208 572 4251 rerum
595 4208 666 4273 quae
693 4185 732 4250 ad
756 4187 814 4249 Dei
830 4187 978 4268 gloriam,
1010 4193 1042 4246 et
1062 4180 1208 4245 debitum
1237 4176 1336 4242 Eccle-
