<?xml version="1.0" encoding="UTF-8"?>
<!DOCTYPE html PUBLIC "-//W3C//DTD XHTML 1.0 Transitional//EN"
    "http://www.w3.org/TR/xhtml1/DTD/xhtml1-transitional.dtd">
<html xmlns="http://www.w3.org/1999/xhtml" xml:lang="en" lang="en">
 <head>
  <title>
</title>
<meta http-equiv="Content-Type" content="text/html;charset=utf-8" />
  <meta name='ocr-system' content='tesseract 3.04.00' />
  <meta name='ocr-capabilities' content='ocr_page ocr_carea ocr_par ocr_line ocrx_word'/>
</head>
<body>
  <div class='ocr_page' id='page_1' title='image "./quaestionesinru00churgoog_0257.png"; bbox 0 0 2754 4740; ppageno 0'>
   <div class='ocr_carea' id='block_1_1' title="bbox 328 209 925 272">
    <p class='ocr_par' dir='ltr' id='par_1_1' title="bbox 328 209 925 272">
     <span class='ocr_line' id='line_1_1' title="bbox 328 209 925 272; baseline -0.003 -4"><span class='ocrx_word' id='word_1_1' title='bbox 328 209 370 269; x_wconf 74' lang='lat'><strong>⁴6</strong></span> <span class='ocrx_word' id='word_1_2' title='bbox 734 223 925 272; x_wconf 66' lang='lat' dir='ltr'><strong>ouflsrrorurs</strong></span> 
     </span>
    </p>
   </div>
   <div class='ocr_carea' id='block_1_2' title="bbox 323 324 1373 4188">
    <p class='ocr_par' dir='ltr' id='par_1_2' title="bbox 328 324 1334 692">
     <span class='ocr_line' id='line_1_2' title="bbox 328 324 1334 416; baseline -0.001 -24"><span class='ocrx_word' id='word_1_3' title='bbox 328 331 389 393; x_wconf 90' lang='lat' dir='ltr'><strong>nisi</strong></span> <span class='ocrx_word' id='word_1_4' title='bbox 417 328 552 416; x_wconf 85' lang='lat' dir='ltr'><strong>tegenda</strong></span> <span class='ocrx_word' id='word_1_5' title='bbox 570 331 610 392; x_wconf 88' lang='lat' dir='ltr'><strong>sit</strong></span> <span class='ocrx_word' id='word_1_6' title='bbox 626 326 671 391; x_wconf 85' lang='lat' dir='ltr'><strong>lX</strong></span> <span class='ocrx_word' id='word_1_7' title='bbox 686 327 794 388; x_wconf 87' lang='lat' dir='ltr'><strong>Lectio</strong></span> <span class='ocrx_word' id='word_1_8' title='bbox 817 324 858 387; x_wconf 91' lang='lat' dir='ltr'><strong>do</strong></span> <span class='ocrx_word' id='word_1_9' title='bbox 882 325 1038 409; x_wconf 83' lang='lat' dir='ltr'><strong>Simplici,</strong></span> <span class='ocrx_word' id='word_1_10' title='bbox 1064 336 1121 388; x_wconf 86' lang='lat' dir='ltr'><strong>aut</strong></span> <span class='ocrx_word' id='word_1_11' title='bbox 1144 325 1186 387; x_wconf 91' lang='lat' dir='ltr'><strong>dc</strong></span> <span class='ocrx_word' id='word_1_12' title='bbox 1212 327 1334 391; x_wconf 80' lang='lat' dir='ltr'><strong>Humilia</strong></span> 
     </span>
     <span class='ocr_line' id='line_1_3' title="bbox 328 419 1334 505; baseline -0.004 -19"><span class='ocrx_word' id='word_1_13' title='bbox 328 425 513 504; x_wconf 69' lang='lat' dir='ltr'><strong>Dominicis,</strong></span> <span class='ocrx_word' id='word_1_14' title='bbox 532 425 632 486; x_wconf 77' lang='lat' dir='ltr'><strong>Feriae</strong></span> <span class='ocrx_word' id='word_1_15' title='bbox 648 423 698 485; x_wconf 77' lang='lat' dir='ltr'><strong>acl</strong></span> <span class='ocrx_word' id='word_1_16' title='bbox 716 419 842 505; x_wconf 85' lang='lat' dir='ltr'><strong>Vigiiiae</strong></span> <span class='ocrx_word' id='word_1_17' title='bbox 858 421 1070 500; x_wconf 80' lang='lat' dir='ltr'><strong>occurrentis3</strong></span> <span class='ocrx_word' id='word_1_18' title='bbox 1096 429 1174 483; x_wconf 87' lang='lat' dir='ltr'><strong>tunc</strong></span> <span class='ocrx_word' id='word_1_19' title='bbox 1192 421 1274 482; x_wconf 91' lang='lat' dir='ltr'><strong>cuim</strong></span> <span class='ocrx_word' id='word_1_20' title='bbox 1291 425 1334 484; x_wconf 82' lang='lat' dir='ltr'><strong>vei</strong></span> 
     </span>
     <span class='ocr_line' id='line_1_4' title="bbox 329 513 1334 601; baseline -0.002 -21"><span class='ocrx_word' id='word_1_21' title='bbox 329 518 431 580; x_wconf 91' lang='lat' dir='ltr'><strong>omitti</strong></span> <span class='ocrx_word' id='word_1_22' title='bbox 451 528 554 601; x_wconf 86' lang='lat' dir='ltr'><strong>potest</strong></span> <span class='ocrx_word' id='word_1_23' title='bbox 578 518 623 580; x_wconf 87' lang='lat' dir='ltr'><strong>lX</strong></span> <span class='ocrx_word' id='word_1_24' title='bbox 638 517 759 590; x_wconf 81' lang='lat' dir='ltr'><strong>Lectio,</strong></span> <span class='ocrx_word' id='word_1_25' title='bbox 787 516 838 577; x_wconf 86' lang='lat' dir='ltr'><strong>vei</strong></span> <span class='ocrx_word' id='word_1_26' title='bbox 856 513 951 598; x_wconf 85' lang='lat' dir='ltr'><strong>jungi</strong></span> <span class='ocrx_word' id='word_1_27' title='bbox 967 514 1043 579; x_wconf 79' lang='lat' dir='ltr'><strong>vlu</strong></span> <span class='ocrx_word' id='word_1_28' title='bbox 1068 515 1227 578; x_wconf 85' lang='lat' dir='ltr'><strong>Lectioni.</strong></span> <span class='ocrx_word' id='word_1_29' title='bbox 1254 515 1334 594; x_wconf 80' lang='lat' dir='ltr'><strong>Quod</strong></span> 
     </span>
     <span class='ocr_line' id='line_1_5' title="bbox 329 607 1332 692; baseline -0.002 -20"><span class='ocrx_word' id='word_1_30' title='bbox 329 611 354 672; x_wconf 86' lang='lat' dir='ltr'><strong>si</strong></span> <span class='ocrx_word' id='word_1_31' title='bbox 367 611 532 674; x_wconf 76' lang='lat' dir='ltr'><strong>Lectiones</strong></span> <span class='ocrx_word' id='word_1_32' title='bbox 544 612 607 674; x_wconf 88' lang='lat' dir='ltr'><strong>sint</strong></span> <span class='ocrx_word' id='word_1_33' title='bbox 618 610 778 673; x_wconf 79' lang='lat' dir='ltr'><strong>historicen</strong></span> <span class='ocrx_word' id='word_1_34' title='bbox 795 619 931 692; x_wconf 87' lang='lat' dir='ltr'><strong>utraque</strong></span> <span class='ocrx_word' id='word_1_35' title='bbox 945 608 1052 670; x_wconf 90' lang='lat' dir='ltr'><strong>Lectio</strong></span> <span class='ocrx_word' id='word_1_36' title='bbox 1063 607 1220 692; x_wconf 87' lang='lat' dir='ltr'><strong>conjungi</strong></span> <span class='ocrx_word' id='word_1_37' title='bbox 1234 607 1332 688; x_wconf 78' lang='lat' dir='ltr'><strong>debet3</strong></span> 
     </span>
    </p>

    <p class='ocr_par' dir='ltr' id='par_1_3' title="bbox 329 703 1372 886">
     <span class='ocr_line' id='line_1_6' title="bbox 329 703 1372 786; baseline -0.003 -19"><span class='ocrx_word' id='word_1_38' title='bbox 329 706 353 767; x_wconf 88' lang='lat' dir='ltr'><strong>si</strong></span> <span class='ocrx_word' id='word_1_39' title='bbox 378 707 506 768; x_wconf 86' lang='lat' dir='ltr'><strong>veroin</strong></span> <span class='ocrx_word' id='word_1_40' title='bbox 530 708 574 770; x_wconf 88' lang='lat' dir='ltr'><strong>IX</strong></span> <span class='ocrx_word' id='word_1_41' title='bbox 598 706 749 768; x_wconf 77' lang='lat' dir='ltr'><strong>Lectione</strong></span> <span class='ocrx_word' id='word_1_42' title='bbox 769 705 971 767; x_wconf 88' lang='lat' dir='ltr'><strong>contincatur</strong></span> <span class='ocrx_word' id='word_1_43' title='bbox 994 704 1061 766; x_wconf 90' lang='lat' dir='ltr'><strong>laus</strong></span> <span class='ocrx_word' id='word_1_44' title='bbox 1084 703 1218 786; x_wconf 88' lang='lat' dir='ltr'><strong>propria</strong></span> <span class='ocrx_word' id='word_1_45' title='bbox 1243 704 1334 766; x_wconf 82' lang='lat' dir='ltr'><strong>Sancti</strong></span> <span class='ocrx_word' id='word_1_46' title='bbox 1371 739 1372 746; x_wconf 25' lang='grc' dir='ltr'><strong>κ</strong></span> 
     </span>
     <span class='ocr_line' id='line_1_7' title="bbox 329 798 906 886; baseline -0.002 -25"><span class='ocrx_word' id='word_1_47' title='bbox 329 809 499 886; x_wconf 87' lang='lat' dir='ltr'><strong>utramque</strong></span> <span class='ocrx_word' id='word_1_48' title='bbox 523 799 721 886; x_wconf 83' lang='lat' dir='ltr'><strong>conjungere</strong></span> <span class='ocrx_word' id='word_1_49' title='bbox 743 798 906 862; x_wconf 84' lang='lat' dir='ltr'><strong>convenit.</strong></span> 
     </span>
    </p>

    <p class='ocr_par' dir='ltr' id='par_1_4' title="bbox 328 875 1372 1052">
     <span class='ocr_line' id='line_1_8' title="bbox 373 875 1372 977; baseline -0.005 -21"><span class='ocrx_word' id='word_1_50' title='bbox 373 894 493 976; x_wconf 87' lang='lat' dir='ltr'><strong>Quaest.</strong></span> <span class='ocrx_word' id='word_1_51' title='bbox 518 896 572 958; x_wconf 86' lang='lat'><strong>76&#39;.</strong></span> <span class='ocrx_word' id='word_1_52' title='bbox 600 895 670 972; x_wconf 83' lang='lat' dir='ltr'><strong>Quo</strong></span> <span class='ocrx_word' id='word_1_53' title='bbox 686 895 784 977; x_wconf 76' lang='lat' dir='ltr'><strong>ipitur</strong></span> <span class='ocrx_word' id='word_1_54' title='bbox 800 896 833 955; x_wconf 85' lang='lat' dir='ltr'><strong>iu</strong></span> <span class='ocrx_word' id='word_1_55' title='bbox 849 913 921 954; x_wconf 86' lang='lat' dir='ltr'><strong>casu</strong></span> <span class='ocrx_word' id='word_1_56' title='bbox 934 893 1062 976; x_wconf 79' lang='lat' dir='ltr'><strong>iopenda</strong></span> <span class='ocrx_word' id='word_1_57' title='bbox 1079 906 1124 957; x_wconf 88' lang='lat' dir='ltr'><strong>est</strong></span> <span class='ocrx_word' id='word_1_58' title='bbox 1139 895 1186 955; x_wconf 87' lang='lat' dir='ltr'><strong>IX</strong></span> <span class='ocrx_word' id='word_1_59' title='bbox 1200 897 1294 957; x_wconf 80' lang='lat' dir='ltr'><strong>Lectio</strong></span> <span class='ocrx_word' id='word_1_60' title='bbox 1306 892 1335 952; x_wconf 79' lang='lat' dir='ltr'><strong>de</strong></span> <span class='ocrx_word' id='word_1_61' title='bbox 1371 875 1372 944; x_wconf 77' lang='lat' dir='ltr'><strong>i</strong></span> 
     </span>
     <span class='ocr_line' id='line_1_9' title="bbox 328 971 1372 1052; baseline -0.011 -2"><span class='ocrx_word' id='word_1_62' title='bbox 328 987 466 1052; x_wconf 82' lang='lat' dir='ltr'><strong>Humilia</strong></span> <span class='ocrx_word' id='word_1_63' title='bbox 481 989 527 1052; x_wconf 85' lang='lat' dir='ltr'><strong>oei</strong></span> <span class='ocrx_word' id='word_1_64' title='bbox 542 989 578 1051; x_wconf 84' lang='lat' dir='ltr'><strong>de</strong></span> <span class='ocrx_word' id='word_1_65' title='bbox 591 985 735 1051; x_wconf 79' lang='lat' dir='ltr'><strong>Sancto?</strong></span> <span class='ocrx_word' id='word_1_66' title='bbox 1371 971 1372 1010; x_wconf 59' lang='lat'>¹</span> 
     </span>
    </p>

    <p class='ocr_par' dir='ltr' id='par_1_5' title="bbox 327 1080 1335 1544">
     <span class='ocr_line' id='line_1_10' title="bbox 371 1080 1332 1163; baseline -0.004 -17"><span class='ocrx_word' id='word_1_67' title='bbox 371 1083 413 1146; x_wconf 88' lang='lat' dir='ltr'><strong>R.</strong></span> <span class='ocrx_word' id='word_1_68' title='bbox 430 1081 570 1163; x_wconf 81' lang='lat' dir='ltr'><strong>Quando</strong></span> <span class='ocrx_word' id='word_1_69' title='bbox 586 1081 621 1144; x_wconf 93' lang='lat' dir='ltr'><strong>fit</strong></span> <span class='ocrx_word' id='word_1_70' title='bbox 637 1081 905 1144; x_wconf 84' lang='lat' dir='ltr'><strong>Commemoratio</strong></span> <span class='ocrx_word' id='word_1_71' title='bbox 929 1080 970 1144; x_wconf 90' lang='lat' dir='ltr'><strong>dc</strong></span> <span class='ocrx_word' id='word_1_72' title='bbox 993 1083 1174 1159; x_wconf 89' lang='lat' dir='ltr'><strong>Dominica,</strong></span> <span class='ocrx_word' id='word_1_73' title='bbox 1189 1082 1280 1146; x_wconf 86' lang='lat' dir='ltr'><strong>Feria</strong></span> <span class='ocrx_word' id='word_1_74' title='bbox 1294 1082 1332 1144; x_wconf 86' lang='lat' dir='ltr'><strong>vet</strong></span> 
     </span>
     <span class='ocr_line' id='line_1_11' title="bbox 328 1176 1334 1263; baseline -0.005 -22"><span class='ocrx_word' id='word_1_75' title='bbox 328 1176 446 1262; x_wconf 84' lang='lat' dir='ltr'><strong>Vigiiia</strong></span> <span class='ocrx_word' id='word_1_76' title='bbox 463 1178 588 1263; x_wconf 85' lang='lat' dir='ltr'><strong>(quaest.</strong></span> <span class='ocrx_word' id='word_1_77' title='bbox 604 1177 643 1240; x_wconf 80' lang='lat' dir='ltr'><strong>tt</strong></span> <span class='ocrx_word' id='word_1_78' title='bbox 662 1185 694 1238; x_wconf 84' lang='lat' dir='ltr'><strong>et</strong></span> <span class='ocrx_word' id='word_1_79' title='bbox 716 1176 801 1262; x_wconf 84' lang='lat' dir='ltr'><strong>seq.)</strong></span> <span class='ocrx_word' id='word_1_80' title='bbox 818 1197 888 1261; x_wconf 79' lang='lat' dir='ltr'><strong>quse</strong></span> <span class='ocrx_word' id='word_1_81' title='bbox 906 1178 1067 1261; x_wconf 82' lang='lat' dir='ltr'><strong>propriam</strong></span> <span class='ocrx_word' id='word_1_82' title='bbox 1085 1177 1262 1240; x_wconf 83' lang='lat' dir='ltr'><strong>Homiiiam</strong></span> <span class='ocrx_word' id='word_1_83' title='bbox 1288 1177 1334 1236; x_wconf 87' lang='lat' dir='ltr'><strong>ha-</strong></span> 
     </span>
     <span class='ocr_line' id='line_1_12' title="bbox 327 1270 1334 1357; baseline -0.002 -24"><span class='ocrx_word' id='word_1_84' title='bbox 327 1271 417 1348; x_wconf 89' lang='lat' dir='ltr'><strong>bent,</strong></span> <span class='ocrx_word' id='word_1_85' title='bbox 439 1273 483 1336; x_wconf 86' lang='lat' dir='ltr'><strong>IX</strong></span> <span class='ocrx_word' id='word_1_86' title='bbox 511 1273 620 1335; x_wconf 87' lang='lat' dir='ltr'><strong>Lectio</strong></span> <span class='ocrx_word' id='word_1_87' title='bbox 647 1272 765 1357; x_wconf 83' lang='lat' dir='ltr'><strong>legitur</strong></span> <span class='ocrx_word' id='word_1_88' title='bbox 790 1270 831 1333; x_wconf 88' lang='lat' dir='ltr'><strong>de</strong></span> <span class='ocrx_word' id='word_1_89' title='bbox 859 1272 998 1335; x_wconf 87' lang='lat' dir='ltr'><strong>Humilia</strong></span> <span class='ocrx_word' id='word_1_90' title='bbox 1025 1273 1093 1346; x_wconf 85' lang='lat' dir='ltr'><strong>ista,</strong></span> <span class='ocrx_word' id='word_1_91' title='bbox 1117 1285 1148 1336; x_wconf 87' lang='lat' dir='ltr'><strong>et</strong></span> <span class='ocrx_word' id='word_1_92' title='bbox 1172 1275 1226 1336; x_wconf 85' lang='lat' dir='ltr'><strong>vcl</strong></span> <span class='ocrx_word' id='word_1_93' title='bbox 1249 1272 1334 1355; x_wconf 91' lang='lat' dir='ltr'><strong>prima</strong></span> 
     </span>
     <span class='ocr_line' id='line_1_13' title="bbox 329 1366 1335 1452; baseline -0.003 -25"><span class='ocrx_word' id='word_1_94' title='bbox 329 1375 451 1428; x_wconf 82' lang='lat' dir='ltr'><strong>tantum</strong></span> <span class='ocrx_word' id='word_1_95' title='bbox 478 1367 586 1430; x_wconf 85' lang='lat' dir='ltr'><strong>Lectio</strong></span> <span class='ocrx_word' id='word_1_96' title='bbox 612 1369 664 1430; x_wconf 90' lang='lat' dir='ltr'><strong>vel</strong></span> <span class='ocrx_word' id='word_1_97' title='bbox 691 1375 754 1429; x_wconf 87' lang='lat' dir='ltr'><strong>tres</strong></span> <span class='ocrx_word' id='word_1_98' title='bbox 779 1366 873 1429; x_wconf 92' lang='lat' dir='ltr'><strong>simul</strong></span> <span class='ocrx_word' id='word_1_99' title='bbox 895 1366 1015 1452; x_wconf 81' lang='lat' dir='ltr'><strong>junctos</strong></span> <span class='ocrx_word' id='word_1_100' title='bbox 1043 1389 1101 1451; x_wconf 89' lang='lat' dir='ltr'><strong>pro</strong></span> <span class='ocrx_word' id='word_1_101' title='bbox 1128 1368 1175 1430; x_wconf 86' lang='lat' dir='ltr'><strong>IX</strong></span> <span class='ocrx_word' id='word_1_102' title='bbox 1199 1367 1335 1429; x_wconf 83' lang='lat' dir='ltr'><strong>Lectione</strong></span> 
     </span>
     <span class='ocr_line' id='line_1_14' title="bbox 328 1460 492 1544; baseline 0.024 -25"><span class='ocrx_word' id='word_1_103' title='bbox 328 1460 492 1544; x_wconf 79' lang='lat' dir='ltr'><strong>leguntur.</strong></span> 
     </span>
    </p>

    <p class='ocr_par' dir='ltr' id='par_1_6' title="bbox 324 1547 1335 1917">
     <span class='ocr_line' id='line_1_15' title="bbox 371 1547 1335 1640; baseline 0.004 -28"><span class='ocrx_word' id='word_1_104' title='bbox 371 1547 408 1612; x_wconf 91' lang='lat' dir='ltr'><strong>ld</strong></span> <span class='ocrx_word' id='word_1_105' title='bbox 429 1572 492 1614; x_wconf 91' lang='lat' dir='ltr'><strong>non</strong></span> <span class='ocrx_word' id='word_1_106' title='bbox 514 1553 636 1616; x_wconf 87' lang='lat' dir='ltr'><strong>obtinet</strong></span> <span class='ocrx_word' id='word_1_107' title='bbox 657 1553 787 1640; x_wconf 88' lang='lat' dir='ltr'><strong>quaudo</strong></span> <span class='ocrx_word' id='word_1_108' title='bbox 806 1555 840 1618; x_wconf 82' lang='lat' dir='ltr'><strong>fit</strong></span> <span class='ocrx_word' id='word_1_109' title='bbox 861 1554 1129 1619; x_wconf 79' lang='lat' dir='ltr'><strong>Commemoratio</strong></span> <span class='ocrx_word' id='word_1_110' title='bbox 1152 1557 1291 1630; x_wconf 86' lang='lat' dir='ltr'><strong>Octavae,</strong></span> <span class='ocrx_word' id='word_1_111' title='bbox 1304 1553 1335 1611; x_wconf 84' lang='lat' dir='ltr'><strong>li·</strong></span> 
     </span>
     <span class='ocr_line' id='line_1_16' title="bbox 328 1643 1334 1736; baseline -0.001 -30"><span class='ocrx_word' id='word_1_112' title='bbox 328 1654 379 1706; x_wconf 87' lang='lat' dir='ltr'><strong>cet</strong></span> <span class='ocrx_word' id='word_1_113' title='bbox 389 1646 600 1731; x_wconf 85' lang='lat' dir='ltr'><strong>Evangeiium</strong></span> <span class='ocrx_word' id='word_1_114' title='bbox 613 1651 779 1733; x_wconf 88' lang='lat' dir='ltr'><strong>proprium</strong></span> <span class='ocrx_word' id='word_1_115' title='bbox 792 1671 865 1712; x_wconf 92' lang='lat' dir='ltr'><strong>cum</strong></span> <span class='ocrx_word' id='word_1_116' title='bbox 877 1647 1018 1711; x_wconf 87' lang='lat' dir='ltr'><strong>Homiiia</strong></span> <span class='ocrx_word' id='word_1_117' title='bbox 1028 1649 1159 1732; x_wconf 83' lang='lat' dir='ltr'><strong>habeat,</strong></span> <span class='ocrx_word' id='word_1_118' title='bbox 1175 1650 1252 1736; x_wconf 85' lang='lat' dir='ltr'><strong>quia</strong></span> <span class='ocrx_word' id='word_1_119' title='bbox 1264 1643 1334 1709; x_wconf 89' lang='lat' dir='ltr'><strong>istud</strong></span> 
     </span>
     <span class='ocr_line' id='line_1_17' title="bbox 324 1737 1335 1830; baseline -0.001 -28"><span class='ocrx_word' id='word_1_120' title='bbox 324 1737 393 1824; x_wconf 87' lang='lat' dir='ltr'><strong>jam</strong></span> <span class='ocrx_word' id='word_1_121' title='bbox 418 1741 479 1805; x_wconf 88' lang='lat' dir='ltr'><strong>fuit</strong></span> <span class='ocrx_word' id='word_1_122' title='bbox 505 1744 624 1806; x_wconf 87' lang='lat' dir='ltr'><strong>lectum</strong></span> <span class='ocrx_word' id='word_1_123' title='bbox 659 1746 691 1808; x_wconf 90' lang='lat' dir='ltr'><strong>in</strong></span> <span class='ocrx_word' id='word_1_124' title='bbox 717 1746 785 1830; x_wconf 94' lang='lat' dir='ltr'><strong>ipso</strong></span> <span class='ocrx_word' id='word_1_125' title='bbox 812 1748 904 1808; x_wconf 84' lang='lat' dir='ltr'><strong>Festo</strong></span> <span class='ocrx_word' id='word_1_126' title='bbox 927 1754 959 1807; x_wconf 93' lang='lat' dir='ltr'><strong>ct</strong></span> <span class='ocrx_word' id='word_1_127' title='bbox 989 1766 1071 1829; x_wconf 86' lang='lat' dir='ltr'><strong>saepe</strong></span> <span class='ocrx_word' id='word_1_128' title='bbox 1095 1747 1179 1808; x_wconf 84' lang='lat' dir='ltr'><strong>infra</strong></span> <span class='ocrx_word' id='word_1_129' title='bbox 1197 1746 1335 1808; x_wconf 81' lang='lat' dir='ltr'><strong>Octavam</strong></span> 
     </span>
     <span class='ocr_line' id='line_1_18' title="bbox 329 1835 499 1917; baseline 0.041 -23"><span class='ocrx_word' id='word_1_130' title='bbox 329 1835 499 1917; x_wconf 87' lang='lat' dir='ltr'><strong>repetitur.</strong></span> 
     </span>
    </p>

    <p class='ocr_par' dir='ltr' id='par_1_7' title="bbox 328 1928 1373 2207">
     <span class='ocr_line' id='line_1_19' title="bbox 373 1928 1373 2008; baseline 0.008 -18"><span class='ocrx_word' id='word_1_131' title='bbox 373 1928 405 1990; x_wconf 91' lang='lat' dir='ltr'><strong>Si</strong></span> <span class='ocrx_word' id='word_1_132' title='bbox 423 1951 499 1993; x_wconf 90' lang='lat' dir='ltr'><strong>vcro</strong></span> <span class='ocrx_word' id='word_1_133' title='bbox 529 1933 580 1995; x_wconf 84' lang='lat' dir='ltr'><strong>fiat</strong></span> <span class='ocrx_word' id='word_1_134' title='bbox 605 1934 875 1998; x_wconf 85' lang='lat' dir='ltr'><strong>Commemoratio</strong></span> <span class='ocrx_word' id='word_1_135' title='bbox 902 1936 985 1998; x_wconf 88' lang='lat' dir='ltr'><strong>Festi</strong></span> <span class='ocrx_word' id='word_1_136' title='bbox 1014 1935 1109 1998; x_wconf 91' lang='lat' dir='ltr'><strong>trium</strong></span> <span class='ocrx_word' id='word_1_137' title='bbox 1141 1935 1330 2008; x_wconf 84' lang='lat' dir='ltr'><strong>Lectionum,</strong></span> <span class='ocrx_word' id='word_1_138' title='bbox 1372 1983 1373 1998; x_wconf 62' lang='lat'><strong>,</strong></span> 
     </span>
     <span class='ocr_line' id='line_1_20' title="bbox 328 2021 1335 2111; baseline 0.004 -29"><span class='ocrx_word' id='word_1_139' title='bbox 328 2021 373 2082; x_wconf 84' lang='lat' dir='ltr'><strong>lX</strong></span> <span class='ocrx_word' id='word_1_140' title='bbox 392 2023 501 2086; x_wconf 86' lang='lat' dir='ltr'><strong>Lectio</strong></span> <span class='ocrx_word' id='word_1_141' title='bbox 529 2025 646 2110; x_wconf 85' lang='lat' dir='ltr'><strong>iegitur</strong></span> <span class='ocrx_word' id='word_1_142' title='bbox 678 2025 718 2088; x_wconf 88' lang='lat' dir='ltr'><strong>de</strong></span> <span class='ocrx_word' id='word_1_143' title='bbox 749 2028 807 2089; x_wconf 93' lang='lat' dir='ltr'><strong>isto</strong></span> <span class='ocrx_word' id='word_1_144' title='bbox 834 2029 937 2109; x_wconf 85' lang='lat' dir='ltr'><strong>Festo,</strong></span> <span class='ocrx_word' id='word_1_145' title='bbox 956 2025 1053 2091; x_wconf 91' lang='lat' dir='ltr'><strong>modo</strong></span> <span class='ocrx_word' id='word_1_146' title='bbox 1075 2029 1335 2111; x_wconf 85' lang='lat' dir='ltr'><strong>Lectiouempro-</strong></span> 
     </span>
     <span class='ocr_line' id='line_1_21' title="bbox 328 2115 1332 2207; baseline 0.006 -33"><span class='ocrx_word' id='word_1_147' title='bbox 328 2115 430 2196; x_wconf 89' lang='lat' dir='ltr'><strong>priam</strong></span> <span class='ocrx_word' id='word_1_148' title='bbox 452 2117 567 2183; x_wconf 83' lang='lat' dir='ltr'><strong>habeat</strong></span> <span class='ocrx_word' id='word_1_149' title='bbox 593 2131 646 2204; x_wconf 75' lang='lat' dir='ltr'><strong>et,</strong></span> <span class='ocrx_word' id='word_1_150' title='bbox 664 2121 688 2182; x_wconf 89' lang='lat' dir='ltr'><strong>si</strong></span> <span class='ocrx_word' id='word_1_151' title='bbox 716 2120 795 2184; x_wconf 82' lang='lat' dir='ltr'><strong>duas</strong></span> <span class='ocrx_word' id='word_1_152' title='bbox 827 2123 944 2186; x_wconf 84' lang='lat' dir='ltr'><strong>habeat</strong></span> <span class='ocrx_word' id='word_1_153' title='bbox 960 2172 967 2203; x_wconf 92' lang='lat'><strong>,</strong></span> <span class='ocrx_word' id='word_1_154' title='bbox 986 2144 1025 2185; x_wconf 84' lang='lat' dir='ltr'><strong>ex</strong></span> <span class='ocrx_word' id='word_1_155' title='bbox 1049 2133 1187 2207; x_wconf 89' lang='lat' dir='ltr'><strong>utraque</strong></span> <span class='ocrx_word' id='word_1_156' title='bbox 1210 2122 1244 2184; x_wconf 86' lang='lat' dir='ltr'><strong>fit</strong></span> <span class='ocrx_word' id='word_1_157' title='bbox 1269 2142 1332 2183; x_wconf 79' lang='lat' dir='ltr'><strong>una</strong></span> 
     </span>
    </p>

    <p class='ocr_par' dir='ltr' id='par_1_8' title="bbox 326 2208 1335 3047">
     <span class='ocr_line' id='line_1_22' title="bbox 371 2208 1334 2302; baseline 0.002 -32"><span class='ocrx_word' id='word_1_158' title='bbox 371 2208 447 2273; x_wconf 83' lang='lat' dir='ltr'><strong>Hoec</strong></span> <span class='ocrx_word' id='word_1_159' title='bbox 460 2221 566 2276; x_wconf 88' lang='lat' dir='ltr'><strong>tamen</strong></span> <span class='ocrx_word' id='word_1_160' title='bbox 583 2216 691 2278; x_wconf 89' lang='lat' dir='ltr'><strong>Lectio</strong></span> <span class='ocrx_word' id='word_1_161' title='bbox 713 2212 753 2277; x_wconf 88' lang='lat' dir='ltr'><strong>dc</strong></span> <span class='ocrx_word' id='word_1_162' title='bbox 772 2217 887 2280; x_wconf 89' lang='lat' dir='ltr'><strong>Sancto</strong></span> <span class='ocrx_word' id='word_1_163' title='bbox 912 2218 1070 2282; x_wconf 88' lang='lat' dir='ltr'><strong>omittitur</strong></span> <span class='ocrx_word' id='word_1_164' title='bbox 1097 2219 1130 2279; x_wconf 79' lang='grc' dir='ltr'><strong>1ο</strong></span> <span class='ocrx_word' id='word_1_165' title='bbox 1153 2215 1282 2302; x_wconf 87' lang='lat' dir='ltr'><strong>qnando</strong></span> <span class='ocrx_word' id='word_1_166' title='bbox 1302 2211 1334 2273; x_wconf 89' lang='lat' dir='ltr'><strong>dc</strong></span> 
     </span>
     <span class='ocr_line' id='line_1_23' title="bbox 328 2302 1334 2397; baseline 0.004 -34"><span class='ocrx_word' id='word_1_167' title='bbox 328 2323 367 2364; x_wconf 93' lang='lat' dir='ltr'><strong>eo</strong></span> <span class='ocrx_word' id='word_1_168' title='bbox 383 2302 417 2367; x_wconf 88' lang='lat' dir='ltr'><strong>fit</strong></span> <span class='ocrx_word' id='word_1_169' title='bbox 444 2306 712 2372; x_wconf 83' lang='lat' dir='ltr'><strong>Commemoratio</strong></span> <span class='ocrx_word' id='word_1_170' title='bbox 739 2311 771 2372; x_wconf 89' lang='lat' dir='ltr'><strong>iu</strong></span> <span class='ocrx_word' id='word_1_171' title='bbox 788 2311 973 2393; x_wconf 85' lang='lat' dir='ltr'><strong>Dominicis,</strong></span> <span class='ocrx_word' id='word_1_172' title='bbox 992 2333 1062 2397; x_wconf 86' lang='lat' dir='ltr'><strong>quse</strong></span> <span class='ocrx_word' id='word_1_173' title='bbox 1086 2311 1211 2374; x_wconf 88' lang='lat' dir='ltr'><strong>habent</strong></span> <span class='ocrx_word' id='word_1_174' title='bbox 1227 2328 1334 2397; x_wconf 79' lang='lat' dir='ltr'><strong>pontus</strong></span> 
     </span>
     <span class='ocr_line' id='line_1_24' title="bbox 326 2398 1335 2490; baseline -0.002 -29"><span class='ocrx_word' id='word_1_175' title='bbox 326 2398 604 2483; x_wconf 88' lang='lat' dir='ltr'><strong>Responsorium;</strong></span> <span class='ocrx_word' id='word_1_176' title='bbox 637 2405 713 2489; x_wconf 88' lang='lat' dir='ltr'><strong>quia</strong></span> <span class='ocrx_word' id='word_1_177' title='bbox 748 2425 867 2470; x_wconf 93' lang='lat' dir='ltr'><strong>nonum</strong></span> <span class='ocrx_word' id='word_1_178' title='bbox 902 2406 1155 2490; x_wconf 87' lang='lat' dir='ltr'><strong>Responsorium</strong></span> <span class='ocrx_word' id='word_1_179' title='bbox 1199 2401 1335 2467; x_wconf 89' lang='lat' dir='ltr'><strong>convenit</strong></span> 
     </span>
     <span class='ocr_line' id='line_1_25' title="bbox 326 2491 1335 2583; baseline -0.001 -31"><span class='ocrx_word' id='word_1_180' title='bbox 326 2491 469 2556; x_wconf 90' lang='lat' dir='ltr'><strong>Lectioni</strong></span> <span class='ocrx_word' id='word_1_181' title='bbox 492 2495 650 2570; x_wconf 84' lang='lat' dir='ltr'><strong>Homiliae,</strong></span> <span class='ocrx_word' id='word_1_182' title='bbox 669 2507 700 2559; x_wconf 87' lang='lat' dir='ltr'><strong>ct</strong></span> <span class='ocrx_word' id='word_1_183' title='bbox 724 2497 899 2583; x_wconf 81' lang='lat' dir='ltr'><strong>incongrue</strong></span> <span class='ocrx_word' id='word_1_184' title='bbox 923 2496 1130 2583; x_wconf 84' lang='lat' dir='ltr'><strong>conjungitur</strong></span> <span class='ocrx_word' id='word_1_185' title='bbox 1145 2495 1288 2560; x_wconf 89' lang='lat' dir='ltr'><strong>Lectioni</strong></span> <span class='ocrx_word' id='word_1_186' title='bbox 1302 2492 1335 2553; x_wconf 88' lang='lat' dir='ltr'><strong>dc</strong></span> 
     </span>
     <span class='ocr_line' id='line_1_26' title="bbox 328 2586 1333 2671; baseline 0.001 -23"><span class='ocrx_word' id='word_1_187' title='bbox 328 2586 456 2651; x_wconf 86' lang='lat' dir='ltr'><strong>Sancto.</strong></span> <span class='ocrx_word' id='word_1_188' title='bbox 475 2591 519 2652; x_wconf 75' lang='lat'><strong>2⁰.</strong></span> <span class='ocrx_word' id='word_1_189' title='bbox 536 2589 672 2671; x_wconf 77' lang='lat' dir='ltr'><strong>Quando</strong></span> <span class='ocrx_word' id='word_1_190' title='bbox 685 2591 730 2654; x_wconf 83' lang='lat' dir='ltr'><strong>tx</strong></span> <span class='ocrx_word' id='word_1_191' title='bbox 741 2593 849 2655; x_wconf 91' lang='lat' dir='ltr'><strong>Lectio</strong></span> <span class='ocrx_word' id='word_1_192' title='bbox 872 2603 920 2656; x_wconf 89' lang='lat' dir='ltr'><strong>est</strong></span> <span class='ocrx_word' id='word_1_193' title='bbox 937 2590 977 2654; x_wconf 91' lang='lat' dir='ltr'><strong>dc</strong></span> <span class='ocrx_word' id='word_1_194' title='bbox 994 2592 1135 2656; x_wconf 85' lang='lat' dir='ltr'><strong>Homiiia</strong></span> <span class='ocrx_word' id='word_1_195' title='bbox 1157 2589 1333 2663; x_wconf 84' lang='lat' dir='ltr'><strong>Dominies,</strong></span> 
     </span>
     <span class='ocr_line' id='line_1_27' title="bbox 326 2677 1332 2770; baseline 0.002 -31"><span class='ocrx_word' id='word_1_196' title='bbox 326 2677 425 2743; x_wconf 82' lang='lat' dir='ltr'><strong>Feriae</strong></span> <span class='ocrx_word' id='word_1_197' title='bbox 445 2684 497 2746; x_wconf 91' lang='lat' dir='ltr'><strong>vel</strong></span> <span class='ocrx_word' id='word_1_198' title='bbox 514 2685 652 2769; x_wconf 79' lang='lat' dir='ltr'><strong>Vigiliae.</strong></span> <span class='ocrx_word' id='word_1_199' title='bbox 680 2686 725 2748; x_wconf 78' lang='lat'><strong>5⁰.</strong></span> <span class='ocrx_word' id='word_1_200' title='bbox 744 2686 832 2750; x_wconf 85' lang='lat' dir='ltr'><strong>inira</strong></span> <span class='ocrx_word' id='word_1_201' title='bbox 857 2685 1011 2752; x_wconf 84' lang='lat' dir='ltr'><strong>Octavam</strong></span> <span class='ocrx_word' id='word_1_202' title='bbox 1042 2686 1193 2770; x_wconf 83' lang='lat' dir='ltr'><strong>Corporis</strong></span> <span class='ocrx_word' id='word_1_203' title='bbox 1218 2682 1332 2752; x_wconf 81' lang='lat' dir='ltr'><strong>Christi,</strong></span> 
     </span>
     <span class='ocr_line' id='line_1_28' title="bbox 326 2774 1333 2856; baseline -0.002 -21"><span class='ocrx_word' id='word_1_204' title='bbox 326 2774 455 2856; x_wconf 90' lang='lat' dir='ltr'><strong>quando</strong></span> <span class='ocrx_word' id='word_1_205' title='bbox 473 2777 506 2840; x_wconf 85' lang='lat' dir='ltr'><strong>fit</strong></span> <span class='ocrx_word' id='word_1_206' title='bbox 533 2778 680 2842; x_wconf 91' lang='lat' dir='ltr'><strong>Officium</strong></span> <span class='ocrx_word' id='word_1_207' title='bbox 712 2779 752 2842; x_wconf 89' lang='lat' dir='ltr'><strong>de</strong></span> <span class='ocrx_word' id='word_1_208' title='bbox 781 2779 902 2846; x_wconf 83' lang='lat' dir='ltr'><strong>Octava</strong></span> <span class='ocrx_word' id='word_1_209' title='bbox 930 2783 980 2843; x_wconf 87' lang='lat' dir='ltr'><strong>vei</strong></span> <span class='ocrx_word' id='word_1_210' title='bbox 1005 2779 1046 2844; x_wconf 89' lang='lat' dir='ltr'><strong>dc</strong></span> <span class='ocrx_word' id='word_1_211' title='bbox 1074 2780 1245 2842; x_wconf 88' lang='lat' dir='ltr'><strong>Dominica</strong></span> <span class='ocrx_word' id='word_1_212' title='bbox 1263 2775 1333 2837; x_wconf 86' lang='lat' dir='ltr'><strong>inira</strong></span> 
     </span>
     <span class='ocr_line' id='line_1_29' title="bbox 327 2867 1332 2958; baseline 0.003 -32"><span class='ocrx_word' id='word_1_213' title='bbox 327 2868 474 2934; x_wconf 86' lang='lat' dir='ltr'><strong>camdem</strong></span> <span class='ocrx_word' id='word_1_214' title='bbox 501 2874 576 2958; x_wconf 83' lang='lat' dir='ltr'><strong>(Tit.</strong></span> <span class='ocrx_word' id='word_1_215' title='bbox 595 2875 651 2954; x_wconf 87' lang='lat' dir='ltr'><strong>IX,</strong></span> <span class='ocrx_word' id='word_1_216' title='bbox 670 2895 703 2936; x_wconf 92' lang='lat' dir='ltr'><strong>n.</strong></span> <span class='ocrx_word' id='word_1_217' title='bbox 723 2877 742 2938; x_wconf 90' lang='grc'>9</span> <span class='ocrx_word' id='word_1_218' title='bbox 761 2887 792 2940; x_wconf 88' lang='lat' dir='ltr'><strong>et</strong></span> <span class='ocrx_word' id='word_1_219' title='bbox 814 2877 876 2956; x_wconf 81' lang='lat' dir='ltr'><strong>tt);</strong></span> <span class='ocrx_word' id='word_1_220' title='bbox 907 2875 1023 2954; x_wconf 82' lang='lat' dir='ltr'><strong>XXVI,</strong></span> <span class='ocrx_word' id='word_1_221' title='bbox 1042 2899 1074 2938; x_wconf 91' lang='lat' dir='ltr'><strong>n.</strong></span> <span class='ocrx_word' id='word_1_222' title='bbox 1093 2876 1139 2958; x_wconf 87' lang='lat'><strong>5).</strong></span> <span class='ocrx_word' id='word_1_223' title='bbox 1157 2875 1206 2938; x_wconf 91' lang='lat' dir='ltr'><strong>Dc</strong></span> <span class='ocrx_word' id='word_1_224' title='bbox 1230 2867 1332 2944; x_wconf 88' lang='lat' dir='ltr'><strong>Herdt,</strong></span> 
     </span>
     <span class='ocr_line' id='line_1_30' title="bbox 326 2958 727 3047; baseline 0.02 -25"><span class='ocrx_word' id='word_1_225' title='bbox 326 2958 414 3025; x_wconf 87' lang='lat' dir='ltr'><strong>Part.</strong></span> <span class='ocrx_word' id='word_1_226' title='bbox 435 2965 491 3047; x_wconf 91' lang='lat' dir='ltr'><strong>IV,</strong></span> <span class='ocrx_word' id='word_1_227' title='bbox 506 2989 538 3030; x_wconf 86' lang='lat' dir='ltr'><strong>n.</strong></span> <span class='ocrx_word' id='word_1_228' title='bbox 554 2968 595 3030; x_wconf 82' lang='lat'><strong>59</strong></span> <span class='ocrx_word' id='word_1_229' title='bbox 619 2977 651 3030; x_wconf 87' lang='lat' dir='ltr'><strong>ct</strong></span> <span class='ocrx_word' id='word_1_230' title='bbox 674 2969 727 3030; x_wconf 84' lang='lat'><strong>60.</strong></span> 
     </span>
    </p>

    <p class='ocr_par' dir='ltr' id='par_1_9' title="bbox 371 3057 943 3146">
     <span class='ocr_line' id='line_1_31' title="bbox 371 3057 943 3146; baseline 0.014 -25"><span class='ocrx_word' id='word_1_231' title='bbox 371 3057 403 3119; x_wconf 71' lang='grc'><strong>9.</strong></span> <span class='ocrx_word' id='word_1_232' title='bbox 427 3061 473 3121; x_wconf 86' lang='lat' dir='ltr'><strong>De</strong></span> <span class='ocrx_word' id='word_1_233' title='bbox 499 3061 607 3146; x_wconf 76' lang='lat' dir='ltr'><strong>Officio</strong></span> <span class='ocrx_word' id='word_1_234' title='bbox 636 3065 729 3125; x_wconf 82' lang='lat' dir='ltr'><strong>trium</strong></span> <span class='ocrx_word' id='word_1_235' title='bbox 755 3066 943 3129; x_wconf 83' lang='lat' dir='ltr'><strong>Lectionum.</strong></span> 
     </span>
    </p>

    <p class='ocr_par' dir='ltr' id='par_1_10' title="bbox 328 3150 1334 3430">
     <span class='ocr_line' id='line_1_32' title="bbox 372 3150 1333 3222; baseline 0.004 -11"><span class='ocrx_word' id='word_1_236' title='bbox 372 3150 448 3214; x_wconf 84' lang='lat' dir='ltr'><strong>Tres</strong></span> <span class='ocrx_word' id='word_1_237' title='bbox 471 3164 592 3218; x_wconf 87' lang='lat' dir='ltr'><strong>tantum</strong></span> <span class='ocrx_word' id='word_1_238' title='bbox 616 3156 738 3220; x_wconf 88' lang='lat' dir='ltr'><strong>habeut</strong></span> <span class='ocrx_word' id='word_1_239' title='bbox 759 3159 925 3222; x_wconf 86' lang='lat' dir='ltr'><strong>Lectiones</strong></span> <span class='ocrx_word' id='word_1_240' title='bbox 949 3182 1004 3222; x_wconf 89' lang='lat' dir='ltr'><strong>seu</strong></span> <span class='ocrx_word' id='word_1_241' title='bbox 1028 3181 1129 3222; x_wconf 83' lang='lat' dir='ltr'><strong>urium</strong></span> <span class='ocrx_word' id='word_1_242' title='bbox 1147 3161 1333 3221; x_wconf 88' lang='lat' dir='ltr'><strong>Nocturnum</strong></span> 
     </span>
     <span class='ocr_line' id='line_1_33' title="bbox 328 3245 1334 3338; baseline 0.005 -33"><span class='ocrx_word' id='word_1_243' title='bbox 328 3245 439 3325; x_wconf 72' lang='lat' dir='ltr'><strong>Feriis,</strong></span> <span class='ocrx_word' id='word_1_244' title='bbox 455 3247 581 3333; x_wconf 83' lang='lat' dir='ltr'><strong>Vigiiiae</strong></span> <span class='ocrx_word' id='word_1_245' title='bbox 598 3261 630 3312; x_wconf 89' lang='lat' dir='ltr'><strong>et</strong></span> <span class='ocrx_word' id='word_1_246' title='bbox 648 3251 741 3314; x_wconf 83' lang='lat' dir='ltr'><strong>Festa</strong></span> <span class='ocrx_word' id='word_1_247' title='bbox 757 3253 937 3338; x_wconf 80' lang='lat' dir='ltr'><strong>Simplicia3</strong></span> <span class='ocrx_word' id='word_1_248' title='bbox 964 3256 1039 3316; x_wconf 89' lang='lat' dir='ltr'><strong>item</strong></span> <span class='ocrx_word' id='word_1_249' title='bbox 1063 3255 1154 3316; x_wconf 83' lang='lat' dir='ltr'><strong>Festa</strong></span> <span class='ocrx_word' id='word_1_250' title='bbox 1170 3251 1295 3314; x_wconf 86' lang='lat' dir='ltr'><strong>Paschae</strong></span> <span class='ocrx_word' id='word_1_251' title='bbox 1310 3257 1334 3308; x_wconf 87' lang='lat' dir='ltr'><strong>et</strong></span> 
     </span>
     <span class='ocr_line' id='line_1_34' title="bbox 331 3338 883 3430; baseline 0.018 -30"><span class='ocrx_word' id='word_1_252' title='bbox 331 3338 535 3404; x_wconf 87' lang='lat' dir='ltr'><strong>Pentecostcs</strong></span> <span class='ocrx_word' id='word_1_253' title='bbox 550 3364 727 3430; x_wconf 86' lang='lat' dir='ltr'><strong>eorumque</strong></span> <span class='ocrx_word' id='word_1_254' title='bbox 743 3347 883 3413; x_wconf 83' lang='lat' dir='ltr'><strong>Octarae.</strong></span> 
     </span>
    </p>

    <p class='ocr_par' dir='ltr' id='par_1_11' title="bbox 332 3430 1333 3613">
     <span class='ocr_line' id='line_1_35' title="bbox 371 3430 1333 3526; baseline 0 -28"><span class='ocrx_word' id='word_1_255' title='bbox 371 3433 489 3514; x_wconf 80' lang='lat' dir='ltr'><strong>Quaest.</strong></span> <span class='ocrx_word' id='word_1_256' title='bbox 515 3438 569 3500; x_wconf 90' lang='lat'><strong>77.</strong></span> <span class='ocrx_word' id='word_1_257' title='bbox 599 3430 782 3517; x_wconf 50' lang='lat' dir='ltr'><strong>Quoe&#39;docet</strong></span> <span class='ocrx_word' id='word_1_258' title='bbox 805 3442 938 3526; x_wconf 67' lang='lat' dir='ltr'><strong>Robrica</strong></span> <span class='ocrx_word' id='word_1_259' title='bbox 978 3444 1013 3506; x_wconf 83' lang='lat' dir='ltr'><strong>de</strong></span> <span class='ocrx_word' id='word_1_260' title='bbox 1046 3441 1238 3506; x_wconf 82' lang='lat' dir='ltr'><strong>Lectionibus</strong></span> <span class='ocrx_word' id='word_1_261' title='bbox 1275 3435 1333 3498; x_wconf 74' lang='lat' dir='ltr'><strong>tedis</strong></span> 
     </span>
     <span class='ocr_line' id='line_1_36' title="bbox 332 3527 723 3613; baseline 0.005 -22"><span class='ocrx_word' id='word_1_262' title='bbox 332 3527 467 3613; x_wconf 76' lang='lat' dir='ltr'><strong>Officii?</strong></span> <span class='ocrx_word' id='word_1_263' title='bbox 722 3603 723 3606; x_wconf 7' lang='grc' dir='ltr'><strong>Ἴ</strong></span> 
     </span>
    </p>

    <p class='ocr_par' dir='ltr' id='par_1_12' title="bbox 323 3626 1333 4000">
     <span class='ocr_line' id='line_1_37' title="bbox 372 3626 1333 3716; baseline -0.009 -28"><span class='ocrx_word' id='word_1_264' title='bbox 372 3626 413 3688; x_wconf 87' lang='lat' dir='ltr'><strong>R.</strong></span> <span class='ocrx_word' id='word_1_265' title='bbox 438 3626 580 3691; x_wconf 87' lang='lat' dir='ltr'><strong>Rubrica</strong></span> <span class='ocrx_word' id='word_1_266' title='bbox 597 3627 702 3708; x_wconf 89' lang='lat' dir='ltr'><strong>docet,</strong></span> <span class='ocrx_word' id='word_1_267' title='bbox 720 3632 781 3694; x_wconf 79' lang='lat' dir='ltr'><strong>Tit.</strong></span> <span class='ocrx_word' id='word_1_268' title='bbox 808 3632 926 3706; x_wconf 78' lang='lat' dir='ltr'><strong>XXVI,</strong></span> <span class='ocrx_word' id='word_1_269' title='bbox 945 3632 1012 3694; x_wconf 72' lang='lat' dir='ltr'><strong>mi</strong></span> <span class='ocrx_word' id='word_1_270' title='bbox 1033 3653 1040 3692; x_wconf 73' lang='grc' dir='ltr'><strong><em>ε</em></strong></span> <span class='ocrx_word' id='word_1_271' title='bbox 1067 3633 1104 3692; x_wconf 80' lang='lat' dir='ltr'><strong>lit</strong></span> <span class='ocrx_word' id='word_1_272' title='bbox 1123 3631 1231 3716; x_wconf 77' lang='lat' dir='ltr'><strong>Officio</strong></span> <span class='ocrx_word' id='word_1_273' title='bbox 1251 3627 1333 3688; x_wconf 83' lang='lat' dir='ltr'><strong>triam</strong></span> 
     </span>
     <span class='ocr_line' id='line_1_38' title="bbox 327 3717 1333 3810; baseline -0.001 -30"><span class='ocrx_word' id='word_1_274' title='bbox 327 3719 501 3785; x_wconf 81' lang='lat' dir='ltr'><strong>Lectionum</strong></span> <span class='ocrx_word' id='word_1_275' title='bbox 517 3725 547 3785; x_wconf 87' lang='lat' dir='ltr'><strong>si</strong></span> <span class='ocrx_word' id='word_1_276' title='bbox 558 3724 595 3807; x_wconf 83' lang='lat' dir='ltr'><strong>fit</strong></span> <span class='ocrx_word' id='word_1_277' title='bbox 613 3725 648 3787; x_wconf 89' lang='lat' dir='ltr'><strong>de</strong></span> <span class='ocrx_word' id='word_1_278' title='bbox 663 3727 765 3802; x_wconf 74' lang='lat' dir='ltr'><strong>Feriis,</strong></span> <span class='ocrx_word' id='word_1_279' title='bbox 788 3739 847 3790; x_wconf 83' lang='lat' dir='ltr'><strong>tres</strong></span> <span class='ocrx_word' id='word_1_280' title='bbox 863 3729 1016 3790; x_wconf 85' lang='lat' dir='ltr'><strong>Lectiones</strong></span> <span class='ocrx_word' id='word_1_281' title='bbox 1032 3726 1180 3810; x_wconf 80' lang='lat' dir='ltr'><strong>tepenter</strong></span> <span class='ocrx_word' id='word_1_282' title='bbox 1203 3725 1238 3785; x_wconf 83' lang='lat' dir='ltr'><strong>de</strong></span> <span class='ocrx_word' id='word_1_283' title='bbox 1265 3717 1333 3781; x_wconf 84' lang='lat' dir='ltr'><strong>Scri·</strong></span> 
     </span>
     <span class='ocr_line' id='line_1_39' title="bbox 323 3813 1333 3906; baseline -0.003 -34"><span class='ocrx_word' id='word_1_284' title='bbox 323 3821 439 3890; x_wconf 74' lang='lat' dir='ltr'><strong>pione,-</strong></span> <span class='ocrx_word' id='word_1_285' title='bbox 452 3819 516 3880; x_wconf 79' lang='lat' dir='ltr'><strong>uisi</strong></span> <span class='ocrx_word' id='word_1_286' title='bbox 531 3829 591 3881; x_wconf 89' lang='lat' dir='ltr'><strong>tres</strong></span> <span class='ocrx_word' id='word_1_287' title='bbox 606 3830 679 3882; x_wconf 84' lang='lat' dir='ltr'><strong>sunt</strong></span> <span class='ocrx_word' id='word_1_288' title='bbox 695 3820 731 3883; x_wconf 92' lang='lat' dir='ltr'><strong>de</strong></span> <span class='ocrx_word' id='word_1_289' title='bbox 746 3821 896 3900; x_wconf 81' lang='lat' dir='ltr'><strong>Humilis,</strong></span> <span class='ocrx_word' id='word_1_290' title='bbox 909 3825 984 3906; x_wconf 80' lang='lat' dir='ltr'><strong>quic</strong></span> <span class='ocrx_word' id='word_1_291' title='bbox 1000 3832 1082 3901; x_wconf 82' lang='lat' dir='ltr'><strong>tunc,</strong></span> <span class='ocrx_word' id='word_1_292' title='bbox 1099 3821 1222 3883; x_wconf 75' lang='lat' dir='ltr'><strong>narcissis</strong></span> <span class='ocrx_word' id='word_1_293' title='bbox 1236 3813 1333 3876; x_wconf 85' lang='lat' dir='ltr'><strong>Lectio·</strong></span> 
     </span>
     <span class='ocr_line' id='line_1_40' title="bbox 328 3902 1047 4000; baseline 0.021 -37"><span class='ocrx_word' id='word_1_294' title='bbox 328 3902 417 3966; x_wconf 83' lang='lat' dir='ltr'><strong>nibus</strong></span> <span class='ocrx_word' id='word_1_295' title='bbox 434 3909 470 3970; x_wconf 90' lang='lat' dir='ltr'><strong>de</strong></span> <span class='ocrx_word' id='word_1_296' title='bbox 484 3911 657 3994; x_wconf 84' lang='lat' dir='ltr'><strong>Scriptura,</strong></span> <span class='ocrx_word' id='word_1_297' title='bbox 675 3914 821 4000; x_wconf 72' lang='lat' dir='ltr'><strong>loquatur</strong></span> <span class='ocrx_word' id='word_1_298' title='bbox 833 3916 869 3979; x_wconf 88' lang='lat' dir='ltr'><strong>de</strong></span> <span class='ocrx_word' id='word_1_299' title='bbox 880 3914 1030 3980; x_wconf 82' lang='lat' dir='ltr'><strong>Humilia.</strong></span> <span class='ocrx_word' id='word_1_300' title='bbox 1046 3961 1047 3964; x_wconf 62' lang='lat'><strong>,</strong></span> 
     </span>
    </p>

    <p class='ocr_par' dir='ltr' id='par_1_13' title="bbox 328 3998 1333 4188">
     <span class='ocr_line' id='line_1_41' title="bbox 370 3998 1332 4094; baseline 0 -30"><span class='ocrx_word' id='word_1_301' title='bbox 370 3998 408 4061; x_wconf 86' lang='lat' dir='ltr'><strong>Si</strong></span> <span class='ocrx_word' id='word_1_302' title='bbox 416 4002 453 4084; x_wconf 82' lang='lat' dir='ltr'><strong>fit</strong></span> <span class='ocrx_word' id='word_1_303' title='bbox 464 4002 622 4070; x_wconf 80' lang='lat' dir='ltr'><strong>choncto</strong></span> <span class='ocrx_word' id='word_1_304' title='bbox 638 4012 693 4094; x_wconf 81' lang='lat' dir='ltr'><strong>qui</strong></span> <span class='ocrx_word' id='word_1_305' title='bbox 717 4009 804 4074; x_wconf 79' lang='lat' dir='ltr'><strong>habet</strong></span> <span class='ocrx_word' id='word_1_306' title='bbox 832 4011 910 4075; x_wconf 81' lang='lat' dir='ltr'><strong>duas</strong></span> <span class='ocrx_word' id='word_1_307' title='bbox 925 4013 1090 4089; x_wconf 83' lang='lat' dir='ltr'><strong>Lectiones,</strong></span> <span class='ocrx_word' id='word_1_308' title='bbox 1110 4010 1129 4069; x_wconf 89' lang='lat'><em>1</em></span> <span class='ocrx_word' id='word_1_309' title='bbox 1155 4018 1270 4069; x_wconf 78' lang='lat' dir='ltr'><strong>santam</strong></span> <span class='ocrx_word' id='word_1_310' title='bbox 1287 4000 1332 4061; x_wconf 72' lang='lat' dir='ltr'><strong>uit</strong></span> 
     </span>
     <span class='ocr_line' id='line_1_42' title="bbox 328 4092 1333 4188; baseline -0.004 -33"><span class='ocrx_word' id='word_1_311' title='bbox 328 4092 364 4156; x_wconf 86' lang='lat' dir='ltr'><strong>de</strong></span> <span class='ocrx_word' id='word_1_312' title='bbox 375 4093 550 4181; x_wconf 82' lang='lat' dir='ltr'><strong>Scriptura,</strong></span> <span class='ocrx_word' id='word_1_313' title='bbox 568 4111 603 4162; x_wconf 83' lang='lat' dir='ltr'><strong>ut</strong></span> <span class='ocrx_word' id='word_1_314' title='bbox 614 4103 661 4165; x_wconf 82' lang='lat' dir='ltr'><strong>uel</strong></span> <span class='ocrx_word' id='word_1_315' title='bbox 674 4103 796 4188; x_wconf 83' lang='lat' dir='ltr'><strong>lepatur</strong></span> <span class='ocrx_word' id='word_1_316' title='bbox 809 4128 883 4184; x_wconf 77' lang='lat' dir='ltr'><strong>urea,</strong></span> <span class='ocrx_word' id='word_1_317' title='bbox 898 4107 945 4169; x_wconf 85' lang='lat' dir='ltr'><strong>oei</strong></span> <span class='ocrx_word' id='word_1_318' title='bbox 957 4126 993 4167; x_wconf 76' lang='lat' dir='ltr'><strong>cc</strong></span> <span class='ocrx_word' id='word_1_319' title='bbox 1010 4104 1107 4168; x_wconf 80' lang='lat' dir='ltr'><strong>tribus</strong></span> <span class='ocrx_word' id='word_1_320' title='bbox 1124 4093 1333 4185; x_wconf 79' lang='lat' dir='ltr'><strong>simuljamrtis</strong></span> 
     </span>
    </p>
   </div>
   <div class='ocr_carea' id='block_1_3' title="bbox 0 0 1382 4740">
    <p class='ocr_par' dir='ltr' id='par_1_14' title="bbox 0 0 1382 4740">
     <span class='ocr_line' id='line_1_43' title="bbox 0 0 1382 4740; baseline 0 0"><span class='ocrx_word' id='word_1_321' title='bbox 0 0 1382 4740; x_wconf 95' lang='lat' dir='ltr'><strong> </strong></span> 
     </span>
    </p>
   </div>
  </div>
 </body>
</html>
