2750 4738
344 265 406 330 tto
770 285 914 330 cucuron

342 389 403 452 orit
418 386 458 452 du
477 387 596 473 Spiritu
614 386 743 461 Sancto,
762 388 854 451 tertia
870 387 1013 453 Ecclesicc
1028 400 1099 468 tnae,
1113 391 1164 456 vel
1180 410 1243 474 pro
1259 390 1348 474 Papa.

339 484 375 548 ln
391 482 515 549 Votivis
531 480 571 545 dc
586 480 758 565 Apostolis‚
772 479 901 568 quando
917 482 1046 568 ponitur
1061 483 1170 549 Oratio
1180 483 1216 547 A
1228 486 1348 565 cunctos,

339 575 409 664 ejus
430 578 500 640 loco
521 574 639 641 dieitur
659 573 769 639 Oratio
793 573 834 639 de
857 577 971 640 Sancta
1002 577 1100 642 Maria
1129 575 1270 643 Concede
1293 599 1341 641 nos

336 672 486 761 [emulos.

382 768 435 833 16.
460 767 506 850 Si,
523 787 597 831 eum
617 768 723 852 plures
743 763 894 832 dicuntur
914 769 1091 850 Orationes,
1115 779 1268 835 occurrat
1290 769 1350 832 fieri

337 861 684 929 commemorationem
707 859 844 947 alicujus
870 863 990 941 Sancti,
1008 885 1044 928 ca
1061 865 1191 950 ponitur
1214 862 1350 928 seeundo

337 961 418 1038 loco,
435 967 468 1022 et
489 955 583 1021 tortia
598 955 708 1022 Oratio
724 952 853 1035 dicitur,
867 978 939 1044 quae
950 958 1027 1024 alias
1042 955 1184 1024 seeundo
1212 961 1286 1023 loco
1306 957 1351 1021 di-

337 1051 439 1120 cenda
455 1060 536 1118 erat.

380 1150 434 1216 17.
456 1151 492 1213 In
508 1146 712 1213 conclusione
728 1149 917 1214 Orationum
934 1149 988 1214 hic
1005 1149 1120 1216 modus
1134 1161 1299 1216 servatur.
1322 1152 1350 1214 Si

336 1243 447 1311 Oratio
468 1243 625 1329 dirigatur
650 1241 692 1306 ad
714 1245 854 1329 Patrem,
879 1241 1081 1309 concluditur
1096 1245 1162 1310 Per
1183 1247 1349 1310 Dorninnm

337 1351 489 1421 nostrum,
504 1349 559 1402 etc.
578 1335 611 1400 Si
629 1334 812 1418 adsiliunt,
834 1339 898 1418 Qui
912 1341 989 1403 vivis
1013 1351 1041 1423 et
1066 1361 1176 1427 repnos
1195 1361 1267 1404 cum
1293 1343 1351 1404 Deo

336 1437 445 1518 Patre,
472 1445 528 1498 etc.
552 1432 585 1496 Si
616 1433 647 1495 in
664 1432 822 1519 principio
848 1433 1008 1498 Orationis
1034 1435 1088 1500 liat
1113 1436 1238 1501 mentio
1270 1435 1348 1516 Filii,

336 1527 538 1596 concluditur
561 1530 627 1593 Per
645 1529 783 1592 crrmcicm
803 1529 973 1594 Dominum
1002 1542 1155 1612 nostrum,
1181 1542 1242 1596 etc.
1272 1531 1305 1595 Si
1321 1531 1349 1592 in

336 1627 398 1689 fine
421 1623 581 1690 Orationis
597 1621 667 1708 ejus
681 1623 735 1688 fiat
752 1624 884 1707 mentio,
911 1625 977 1704 Qui
998 1636 1095 1690 tecum
1123 1628 1211 1708 vivit,
1238 1637 1295 1690 otc.
1320 1624 1348 1688 Si

336 1722 418 1786 lacta
436 1721 477 1785 sit
493 1719 611 1784 mentio
639 1718 777 1803 Spiritus
793 1716 913 1802 Sancti,
940 1720 973 1783 in
999 1720 1207 1785 conclusione
1235 1719 1349 1785 dicitur

337 1818 375 1879 In
390 1818 508 1879 unitate
522 1815 659 1901 ejusdem
681 1815 820 1898 Spiritus
845 1815 963 1894 Sancti,
991 1825 1046 1880 etc.
1071 1815 1143 1881 Alia
1172 1815 1347 1903 quoquciu

335 1909 480 1976 dicendis
494 1910 700 1976 Orationibus
715 1917 894 1991 serventur,
911 1931 982 1999 quoe
1001 1913 1148 1999 superius
1162 1913 1193 1976 in
1206 1912 1347 1979 Rubrioa

338 2002 378 2070 de
393 2004 757 2070 Cornmemorationibus
772 2003 955 2070 dictasunt.
1372 2009 1373 2034 ³

283 2369 288 2376 ἱ
335 2259 390 2336 Χ.
419 2263 476 2338 lle
503 2263 683 2364 Epistola,
705 2259 901 2358 tirocinali,
923 2258 1102 2355 Altetuyo,
1133 2273 1166 2336 ct
1195 2263 1343 2349 Tracta,

671 2395 714 2448 oc
731 2375 776 2448 de
793 2370 1006 2496 Eoonpetto.

380 2644 410 2706 l.
435 2643 511 2706 Post
525 2641 670 2705 ultimam
685 2641 871 2705 Orationem
883 2637 1001 2704 dieitur
1016 2638 1169 2723 Epistola.
1188 2637 1260 2720 Qua
1277 2637 1344 2699 fini·

336 2748 378 2815 ta,
404 2759 421 2800 a
453 2735 604 2800 ministris
635 2731 847 2820 respondetur
875 2734 941 2798 Deo
968 2736 1100 2819 pretias.
1132 2734 1171 2798 Et
1200 2732 1346 2796 similiter

336 2829 465 2917 quando
481 2832 633 2916 leguntur
655 2831 764 2916 plures
787 2828 966 2906 Lectiones,
986 2837 1057 2913 post
1072 2828 1214 2913 singulas
1231 2822 1347 2890 dicitur

336 2929 400 2991 Deo
414 2929 545 3011 gratias,
563 2936 774 3011 praeterquam
799 2925 831 2988 in
848 2925 911 2988 fine
926 2925 1045 3012 quintae
1059 2923 1220 2987 Lectionis
1235 2921 1346 2986 Danic-
1371 2997 1372 3004 ἵ

336 3021 374 3083 lis
394 3020 426 3082 in
443 3020 591 3084 Sabbatis
606 3020 751 3101 Quatuor
773 3021 979 3104 Temporum,
1008 3028 1041 3082 et
1069 3018 1101 3080 in
1128 3017 1190 3080 line
1222 3015 1346 3081 Lectio-

338 3134 415 3177 num
429 3115 529 3179 Ferioe
544 3124 640 3178 sextae
652 3114 685 3176 in
700 3114 889 3195 Parascere,
907 3123 938 3177 et
957 3111 1087 3176 Sabbati
1103 3112 1217 3176 sancti.

333 3259 334 3262 ,
380 3209 411 3271 P.
437 3210 512 3274 Post
541 3208 714 3295 Epistolam
752 3207 870 3271 dieitur
902 3205 1072 3287 (Prodente,
1103 3204 1190 3292 quod
1221 3221 1347 3287 semper

337 3301 466 3386 dicitur,
485 3313 698 3389 preterquam
716 3303 872 3387 Tempore
889 3301 1045 3383 Paschali,
1064 3299 1155 3385 cujus
1167 3293 1252 3362 'loco
1274 3309 1347 3368 tune

337 3396 488 3462 dicuntur
499 3398 563 3462 duo
580 3418 701 3480 versus,
714 3407 751 3462 ut
765 3397 903 3461 habetur
914 3396 946 3460 in
958 3396 1100 3461 Rubriea
1116 3395 1147 3459 in
1160 3393 1302 3459 sabbato
1315 3391 1344 3452 iu

336 3492 439 3557 Albis.

380 3589 413 3652 5.
429 3589 505 3652 Post
527 3585 686 3654 Graduale
713 3585 863 3650 dicuntur
879 3584 943 3649 duo
958 3585 1113 3669 Alleluia,
1132 3582 1251 3648 deinde
1280 3602 1342 3647 vcr-

336 3692 446 3761 sus‚et
461 3691 682 3766 postremum,
705 3702 805 3745 unum
831 3679 984 3765 Alleluju.
1009 3681 1165 3765 Tempore
1187 3675 1342 3754 Paschali,

336 3773 467 3862 quando
490 3797 554 3841 non
570 3773 687 3841 dicitur
702 3772 873 3854 Graduale,
887 3773 1005 3840 dicitur
1019 3773 1107 3839 aliud
1121 3772 1267 3859 Allelujc
1278 3782 1343 3860 post

336 3868 512 3934 secundum
543 3893 689 3937 versum:
720 3882 752 3935 et
780 3869 909 3958 quando
938 3869 1057 3937 dieitur
1078 3871 1255 3956 Sequentia,
1283 3889 1341 3933 non

337 3963 455 4029 dicitur
470 3976 540 4050 post
553 3967 702 4031 ultimum
718 3987 859 4045 versum,
877 3964 935 4030 sed
953 3977 1022 4052 post
1037 3961 1272 4053 Sequcrrtiam.'
1370 3997 1371 4002 κ

382 4061 414 4124 i.
439 4061 467 4126 A
483 4063 723 4149 Septuagesima
739 4082 841 4146 usquc
862 4059 903 4124 ad
930 4063 1105 4128 Sabbatum
1119 4070 1264 4124 sanetum
1283 4082 1339 4124 non
1370 4109 1371 4114 η

337 4155 455 4222 dicitur
470 4157 622 4244 Allelujo,
642 4176 746 4244 neque
762 4153 879 4220 dieitur
894 4155 926 4221 iu
943 4158 1044 4224 Missis
1058 4155 1100 4221 de
1114 4155 1205 4219 Feria
1221 4157 1253 4217 in
1278 4152 1340 4221 Aa·

1370 4281 1371 4356 l

1370 4357 1371 4411 l
