2750 4738
446 244 622 290 enevranu.
995 223 1033 290 81

22 348 179 434 Hymnus,
202 343 406 431 Antiphanes
435 356 467 412 et
490 348 624 430 Versus,
654 347 793 416 habetur
817 345 850 412 in
880 346 1037 434 principio

20 442 182 508 Psalterii.
200 441 281 508 Cum
301 463 376 507 vero
392 440 585 528 Antiphone
600 441 803 528 duplicanda
819 453 905 521 sunt,
922 439 1037 508 dicun·

20 551 71 604 tur
83 540 221 624 integrm
236 547 310 602 aute
326 539 480 620 Psalmos,
497 539 580 604 sicut
595 539 628 604 in
644 541 706 606 fine
721 539 935 604 Psalmorurn.

61 635 94 699 7.
120 631 240 698 Modus
256 629 384 697 dicendi
397 631 636 718 dissolutiones,
650 643 682 698 et
703 631 950 700 Benedictioncs
963 641 1035 696 ante

20 730 203 809 Lectiones,
223 725 354 811 legendi
371 737 402 792 et
418 726 612 794 terminandi
634 729 814 806 Lectiones,
831 725 961 792 dicendi
976 729 1037 794 lte·

21 826 190 910 sponsoris
205 835 275 909 post
289 825 468 907 Lectiones,
480 847 517 892 ac
530 826 746 911 Responsoria
762 825 875 890 brevia
891 833 962 909 post
977 821 1037 888 Ca-

22 922 135 1006 pitula,
154 919 295 984 habetur
310 920 342 984 in
358 921 457 1004 prima
473 921 641 986 Dominica
656 919 697 984 de
712 919 877 986 Adventu.

63 1017 96 1079 8.
112 1013 288 1097 Quomodo
301 1015 342 1080 sit
355 1013 583 1097 inchoandum,
595 1012 874 1081 atterminandum
888 1013 1035 1080 Officium

23 1134 77 1196 per
91 1113 212 1190 Horas,
229 1110 369 1175 habetur
385 1111 417 1174 in
429 1111 604 1176 Psalterio:
621 1110 783 1198 quomodo
797 1105 1036 1174 terminandum

21 1227 77 1289 per
92 1204 302 1288 Antiphonas
316 1203 355 1270 B.
373 1205 492 1287 Mariae,
510 1204 649 1269 habetur
663 1206 696 1268 in
721 1206 783 1268 fine
814 1202 1034 1288 Completorii.

64 1299 95 1360 9.
123 1296 192 1361 Scd
207 1307 244 1362 ut
256 1297 324 1362 lraec
339 1298 447 1362 omnia
462 1298 589 1363 facilius
605 1298 797 1380 habeantur,
823 1297 932 1383 positar
962 1305 1037 1362 sunt

21 1402 197 1478 sequentes
225 1392 379 1458 Rubricae
395 1392 436 1456 de
452 1393 587 1480 singulis
602 1394 709 1475 lloris,
734 1413 910 1480 earumque
937 1391 1037 1480 parti-

22 1487 78 1553 bus
90 1486 245 1554 distincte
261 1488 508 1577 cognoscendis.

318 1763 432 1840 XIII.
463 1765 517 1840 De
540 1761 735 1840 Matutino.
767 1707 770 1714 Ι

63 2047 94 2110 1.
120 2043 177 2108 Ad
197 2042 389 2107 Matutinum
403 2041 468 2108 ltaec
481 2063 538 2128 per
553 2041 701 2108 ordinem
716 2045 909 2132 regulariter
920 2043 1035 2111 dicun·

24 2150 82 2221 tur,
100 2137 283 2204 secundum
301 2137 522 2204 diversitatem
538 2137 655 2220 Officii,
672 2137 732 2202 uisi
748 2140 842 2203 aliter
858 2139 889 2202 in
905 2141 1037 2226 quibus-

22 2232 93 2298 dam
109 2233 230 2298 diebus
241 2244 425 2298 annotetur:
442 2235 538 2299 Pater
554 2243 674 2310 noster,
696 2234 765 2298 Ave
782 2235 893 2313 Maria,
918 2236 1034 2321 Credo,

19 2331 128 2395 amnia
146 2341 289 2396 secreto:
306 2325 424 2392 deinde
440 2331 526 2393 clara
543 2349 621 2395 voce
638 2325 917 2393 Hebdomadarius
933 2331 1033 2396 dicit:

23 2425 158 2488 Domine
187 2425 272 2490 labia
287 2446 371 2503 mea,
386 2435 464 2502 ete,
481 2425 598 2510 pollice
614 2421 771 2510 signando
797 2424 857 2488 sihi
881 2445 915 2487 os
944 2419 1036 2514 signo

24 2520 143 2600 Crucis,
151 2522 241 2584 Deus
256 2519 288 2582 in
304 2518 513 2606 adjutorium,
530 2528 607 2596 etc,
625 2536 724 2580 manu
737 2527 867 2580 extensa
878 2515 1035 2604 signando

24 2636 52 2676 se
64 2615 160 2700 signo
179 2613 290 2678 Crucis
304 2635 322 2676 a
337 2612 441 2676 leonte
457 2609 497 2675 ud
520 2622 644 2698 pectus,
663 2621 694 2674 ct
710 2633 727 2674 a
744 2611 871 2674 sinistro
899 2613 1035 2676 humero

25 2729 123 2795 usque
140 2706 185 2772 ad
202 2707 371 2773 dexterum
387 2705 492 2796 (quod
508 2715 657 2771 servatur
669 2706 701 2769 in
721 2705 878 2791 principio
891 2707 1033 2770 omnium

24 2803 200 2884 Horarum,
214 2823 288 2867 cutu
301 2799 429 2880 dicitur,
447 2804 532 2865 Deus
547 2801 580 2863 in
593 2799 805 2884 adjutorium)
821 2822 893 2863 cum
925 2801 1035 2866 Gloria

24 2899 117 2978 Patri,
138 2907 173 2962 et
200 2897 281 2978 aliis,
309 2907 344 2960 ut
371 2896 403 2958 in
426 2895 584 2981 principio
609 2896 770 2958 Psalterii.
801 2893 926 2958 Deinde
952 2893 1035 2958 dici-

25 2999 71 3052 tur
92 2990 323 3055 invitatorium
352 2991 547 3053 conveniens
573 2989 685 3052 Officio
714 2987 755 3050 de
785 2989 955 3073 Tempore,
980 2989 1034 3052 vel
1153 3027 1155 3032 ·

26 3086 153 3166 Sancto,
187 3085 275 3172 quod
306 3082 425 3149 dicitur
453 3105 526 3148 cum
547 3085 686 3164 Psalmo,
704 3082 822 3148 Venite
838 3083 1033 3161 exultemus,

26 3201 59 3242 co
80 3179 183 3243 modo
206 3199 270 3266 qno
290 3179 322 3242 in
346 3180 502 3264 principio
527 3179 673 3264 Psallerii
706 3175 913 3241 describitur.
942 3176 1034 3240 Dicto

25 3276 161 3354 Psalmo,
188 3285 221 3338 et
251 3274 388 3359 repetito
419 3275 621 3352 Invitatorio,
646 3271 767 3336 dicitnr
792 3272 950 3356 Hymnus,
978 3269 1035 3356 qui

25 3368 131 3433 Officio
148 3365 191 3431 de
204 3369 373 3453 Tempore,
391 3371 441 3433 vel
458 3368 498 3432 de
515 3369 631 3432 Sancto
647 3367 811 3432 convenit.

64 3467 95 3528 ⁶2.
122 3467 239 3529 Postea
259 3463 292 3527 in
312 3463 501 3548 Duplicibus
520 3473 551 3528 et
579 3461 853 3548 Semiduplicibus
881 3458 1034 3524 dicuntur

26 3578 138 3624 noveru
154 3557 273 3623 Psalmi
285 3555 356 3643 (sed
373 3559 405 3622 in
422 3559 597 3624 Dominicis
613 3560 732 3644 plures,
748 3565 784 3620 ut
806 3558 839 3619 in
863 3553 1033 3638 Psalterio)
1108 3589 1110 3594 ,

26 3672 92 3716 cum
107 3651 174 3715 suis
191 3649 384 3737 Antiphouis
402 3664 433 3734 ct
447 3653 613 3729 Versibus,
630 3673 701 3737 quae
713 3650 928 3734 Tempori‚rel
940 3650 1032 3711 Festo

26 3747 231 3824 conveniunt,
246 3757 279 3811 et
293 3745 429 3811 totidem
445 3749 612 3813 Lectiones
623 3769 696 3810 cum
710 3757 781 3810 octo
793 3743 1030 3830 Responsoriis,

27 3838 193 3926 aliquando
210 3861 285 3904 cum
300 3861 428 3923 novem,
444 3854 480 3908 ut
494 3843 559 3906 suis
574 3843 804 3930 loeis-ponitur,
823 3863 881 3930 per
894 3851 956 3904 tres
967 3840 1032 3926 No-

27 3944 150 4000 cturnos
166 3933 344 4018 distinctos,
364 3937 423 4001 hoc
435 3937 543 4002 modo.

65 4030 95 4093 5.
120 4032 157 4094 ln
173 4031 280 4115 primo
295 4021 456 4096 Necturno
472 4032 626 4100 dicuntur
641 4045 706 4099 tres
717 4027 834 4098 Psalmi
845 4049 918 4094 curn
929 4027 1030 4094 tribus

29 4120 226 4211 Antiphone,
251 4134 324 4211 post
338 4115 479 4214 singulos
503 4131 646 4195 Psalmos
661 4148 726 4195 una
742 4126 925 4212 Antiphone
940 4145 947 4188 ε
973 4120 1029 4187 sed
