2750 4738
363 285 535 328 uenenatas
551 283 699 326 urssanrs.
974 263 1036 328 159

68 390 99 451 5.
124 390 163 452 In
189 386 461 473 Somidupiicibus
476 409 495 452 a
510 386 676 452 Dominica
693 385 852 450 Passionis
874 406 975 475 usqne
994 390 1036 456 ad

27 483 225 548 Dominicam
246 483 442 568 Palmarum‚
467 479 605 548 seoomla
627 480 735 546 Oratio
758 478 1038 566 desertarentur

26 579 177 658 ecclesie,
191 580 243 644 vei
256 599 314 664 pro
327 580 427 664 Papa.
522 630 524 634 .

68 677 97 739 6.
124 677 161 739 ln
177 675 280 740 Festis
297 671 578 760 Semidupiicibos,
596 671 638 737 ab
652 671 773 736 Octava
791 671 921 739 Paschae
936 696 1037 766 usquo

29 769 64 834 ad
89 771 333 853 Ascensionem,
365 766 506 834 secunda
528 764 637 831 Oratio
661 763 701 828 dc
721 765 755 828 S.
774 763 873 830 Maria
902 765 1039 838 Concede

30 885 90 947 nos,
108 866 204 931 tertia
219 866 373 948 Ecclesiae,
390 865 442 930 vei
458 884 516 948 pro
532 863 631 948 Papa.

68 963 99 1024 7.
125 962 163 1025 In
179 962 282 1026 Festis
301 957 572 1044 Semidoplicibns
595 955 676 1020 inira
692 954 829 1022 Octavus
845 963 1037 1028 occurrenti·

29 1055 96 1134 bus,
109 1053 253 1120 secunda
266 1055 375 1120 Oratio
391 1052 509 1117 dicitur
520 1050 560 1115 de
572 1049 706 1132 Octava,
720 1049 823 1130 tertia,
841 1072 912 1140 quae
926 1077 1039 1124 secuu-

31 1151 152 1215 deloco
168 1150 253 1215 infra
266 1151 419 1217 Octavam
436 1148 576 1234 ponitur.
688 1203 691 1210 .

70 1248 100 1311 8.
124 1248 362 1313 IniraOctavas
375 1245 516 1323 Paschae,
542 1253 573 1309 ct
587 1245 804 1320 Pentecostcs,
818 1241 850 1306 in
879 1246 973 1313 Missa
995 1247 1036 1314 de

31 1344 143 1409 Octava
160 1341 314 1408 dicuntur
329 1342 400 1406 dnae
412 1350 535 1405 tantum
550 1336 730 1416 Orationes,
748 1356 811 1400 una
834 1334 875 1402 de
893 1338 958 1423 die,
978 1345 1040 1410 alia

34 1439 184 1517 Ecclesiae,
202 1441 255 1504 vel
271 1460 329 1524 pro
342 1439 440 1522 Papa.

71 1536 101 1598 9.
125 1535 216 1598 Infra
239 1535 317 1600 alias
329 1533 476 1614 Octavus,
500 1539 532 1594 et
547 1529 580 1593 in
606 1528 733 1614 Vigiliis
755 1549 826 1616 quae
850 1530 1042 1620 jejunantur

33 1629 173 1716 (excepta
185 1629 304 1716 Vigilia
315 1627 495 1692 Nativitatis
506 1626 646 1706 Domini,
658 1634 690 1689 ct
703 1625 922 1712 pentecostes)
932 1626 1042 1695 dicun·

35 1735 80 1785 tur
91 1735 153 1788 tres
168 1726 350 1808 Orationes,
365 1744 430 1786 una
445 1720 487 1786 de
502 1720 566 1800 die,
580 1719 721 1785 secunda
740 1719 781 1785 de
797 1722 830 1785 S.
848 1723 959 1804 Maria,
977 1735 1043 1789 ter·-

36 1818 72 1881 tia
95 1821 249 1903 Ecclesia,
268 1822 319 1886 vot
335 1840 394 1904 pro
417 1819 516 1902 Papa.
538 1814 601 1881 Sed
621 1816 704 1880 inira
719 1817 853 1881 Octavus
870 1818 903 1882 S.
921 1818 1040 1901 Marire,

37 1923 62 1976 et
74 1915 103 1977 in
118 1917 147 1982 V
150 1916 238 2004 igiiia
252 1925 282 1981 ct
295 1916 377 1980 infra
390 1914 543 1979 Octavam
560 1911 704 1975 omnium
715 1912 918 1994 Sanctorum,
931 1935 1042 1979 secun·

38 2007 194 2077 ‹tauram›
209 2011 328 2076 dicitur
342 2009 381 2074 de
398 2009 519 2095 Spiritu
535 2009 652 2073 Sancto
669 2009 764 2089 Deus,
792 2011 849 2094 qai
862 2008 964 2092 cordo,
982 2021 1042 2076 ter·

40 2106 73 2168 tia
85 2107 239 2190 Ecclesiae,
255 2109 311 2176 vel
321 2127 378 2191 pro
394 2107 495 2189 Papa.

76 2205 126 2268 tu.
153 2205 191 2268 In
203 2203 378 2268 Dominicis
400 2201 482 2264 infra
499 2199 636 2265 Octavus
660 2199 903 2264 occurrentibus
925 2197 1041 2266 dicun-

40 2306 85 2359 tur
98 2296 168 2364 duae
180 2299 360 2378 Orationes,
373 2317 438 2360 una
449 2294 489 2359 dc
503 2293 682 2376 Dominica,
696 2291 836 2358 secunda
850 2291 890 2357 dc
902 2294 1040 2361 Octavar

42 2401 69 2454 ct
88 2393 119 2456 in
133 2391 187 2458 «iic
204 2403 316 2458 octava
327 2391 446 2456 dicitur
460 2411 524 2455 una
540 2399 663 2454 tantum
676 2389 798 2472 Oratio,
819 2389 880 2453 nisi
896 2389 1042 2455 iacienda

42 2484 187 2574 sitaliqua
202 2486 484 2551 Commemoratio.

79 2579 128 2642 ii.
153 2582 190 2644 In
213 2580 387 2645 Dominicis
412 2578 564 2643 dicuntur
580 2587 655 2659 tres,
679 2588 715 2643 ut
731 2579 764 2642 in
779 2576 949 2644 Ordinario
965 2580 1043 2645 assi·

45 2685 183 2758 guantur,
202 2673 396 2764 quibusdam
409 2674 562 2760 exceptiS,
576 2683 612 2738 ut
626 2674 690 2738 suis
705 2674 801 2739 etiam
815 2673 892 2738 iocis
903 2682 1043 2739 notatur.

81 2769 129 2832 ii.
154 2771 192 2834 ln
215 2771 315 2836 Festis
339 2769 558 2857 Simplicibus,
584 2779 616 2833 et
637 2768 737 2833 Feriis
759 2791 817 2855 per
839 2789 969 2849 annum,
984 2768 1043 2834 nisi

46 2861 125 2924 aliter
135 2863 167 2927 in
182 2865 321 2951 propriis
329 2864 410 2954 'locis
423 2873 563 2940 notetur,
580 2858 732 2926 dicuntur
748 2873 822 2945 tres,
838 2871 875 2925 ut
891 2860 923 2925 in
940 2861 1043 2926 Semi-

46 2951 226 3042 duplicibus‚
242 2957 472 3046 autquinquer
498 2964 630 3041 possunt
652 2958 747 3022 ctiam
766 2954 830 3020 dici
855 2965 976 3040 septem
1002 2954 1042 3020 ad

48 3048 171 3116 libitum.

84 3147 131 3210 ta.
148 3150 186 3212 ln
198 3148 299 3211 Feriis
315 3147 459 3230 Quatuor
471 3148 677 3234 Temporum,
692 3156 723 3211 et
737 3146 793 3211 ubi
809 3147 916 3232 plures
927 3148 1042 3233 legun·

52 3246 92 3300 tur
102 3242 276 3321 Lectiones,
293 3237 478 3327 hujusmodi
502 3243 610 3327 plures
625 3241 791 3307 Orationes
808 3239 959 3305 dicuntur
974 3251 1045 3327 post

50 3334 178 3401 ultimam
194 3339 379 3403 Orationem
395 3346 467 3401 ante
482 3338 666 3423 Epistolam,
685 3348 721 3402 ut
738 3337 803 3401 suis
819 3336 896 3401 locis
912 3337 943 3400 in
967 3339 1043 3401 Pro·

53 3429 109 3508 prio
124 3433 288 3495 Missurum
300 3429 340 3495 de
351 3433 519 3516 Tempore.

88 3525 134 3588 14.
160 3528 196 3590 In
212 3527 314 3591 Missis
332 3526 461 3606 votivis,
478 3523 607 3615 quando
623 3526 808 3592 solemniter
823 3526 973 3592 dicuntur
985 3550 1044 3613 pro

55 3634 81 3675 re
102 3621 199 3703 gravi,
226 3621 278 3685 vet
302 3640 359 3704 pro
382 3619 511 3705 publica
535 3621 683 3685 Ecclesiae
712 3641 817 3702 causa,
842 3618 960 3686 dicitur
981 3643 1045 3686 una

55 3716 160 3779 tantum
171 3715 299 3780 Oratio:
316 3712 372 3778 sed
385 3715 418 3778 in
430 3716 520 3780 Missa
537 3737 595 3802 pro
611 3716 786 3803 gratiarum
809 3715 932 3780 actione
952 3712 1046 3780 addi-

57 3810 97 3866 tur
115 3811 173 3874 alia
188 3810 310 3892 Oratis,
323 3819 359 3873 ut
372 3809 403 3873 in
419 3811 549 3897 proprio
564 3812 633 3875 loco
650 3819 790 3874 notatur.
807 3811 843 3874 Iu
859 3809 928 3874 aliis
939 3816 1045 3875 autem

56 3893 189 3968 dicuntur
212 3906 329 3989 piures,
347 3912 382 3967 ut
395 3904 427 3967 in
441 3907 541 3970 Fastis
553 3906 770 3993 simplicibus

92 3996 138 4061 15.
160 4000 196 4062 In
213 4000 338 4065 Votivis
349 3997 455 4065 Be'atae
471 4001 576 4065 Mariae
592 3999 729 4067 secunda
753 3999 861 4066 Oratio
873 3997 991 4065 dicitur
1005 3996 1046 4062 de

59 4088 150 4158 Officio
167 4094 251 4159 illins
267 4094 344 4179 dici,
362 4106 394 4161 et
410 4097 502 4160 tertia
513 4094 553 4160 dc
566 4097 687 4182 Spiritu
701 4097 834 4161 Sancto:
852 4093 954 4158 sedin
970 4093 1046 4158 Sab-

61 4182 128 4269 bato,
145 4189 276 4279 qnando
292 4190 333 4257 de
350 4213 388 4257 ea
403 4192 586 4258 factumest
601 4192 761 4272 Officium,
780 4189 920 4257 secunda
936 4189 1045 4256 Oratio
