2764 4742
438 215 629 258 rosumere.
1005 197 1041 260 ff

29 339 138 403 magno
155 327 189 381 et
204 319 301 402 longo
318 316 428 380 labore
456 315 628 400 diligenter
650 326 865 404 accurateque
880 317 923 382 ite
941 317 1046 402 dispo·

30 411 84 474 sita
94 421 124 474 ct
139 411 296 495 expolita,
312 421 347 474 ut
360 407 447 496 quod
464 420 533 474 erat
548 410 687 492 iuvetis,
705 409 747 474 ad
760 421 906 496 optatum
921 413 1043 476 exitum

31 506 219 589 perductum
245 505 296 568 sit.
324 503 402 568 Cum
431 504 530 590 igitur
546 515 631 568 tanta
649 514 778 592 tamque
806 515 915 570 exacta
935 505 1047 572 docto-

30 596 278 662 rumbominum
296 595 465 676 industria,
492 619 533 664 ne
562 598 656 683 plane
686 599 718 661 in
755 598 881 663 irritum
911 598 1045 678 recidat,

30 692 168 778 requirat
184 693 472 779 Typographorum
487 690 597 770 fidem,
610 689 835 757 mandavimus
846 691 964 756 dilecto
981 693 1059 758 filio·

30 786 161 852 Andreae
178 790 359 876 Brogiotto,
372 788 603 874 Typographiae
619 797 734 852 nostre
758 787 948 874 Apostolicae
960 791 1047 854 Prae·

32 883 122 962 fecto,
151 883 411 968 procurationem
437 881 536 969 hujus
564 883 722 947 Breviarii
748 883 781 946 in
812 882 916 947 lucem
942 883 1046 968 primo

30 973 167 1040 edendi:
197 973 285 1062 q'uod
303 977 476 1062 exemplar,
494 976 550 1063 qui
570 977 704 1061 posthae
717 978 900 1042 Romanum
916 978 1047 1043 Brevia·
1070 1029 1072 1036 .

31 1069 107 1134 rium
127 1071 363 1156 impresserint,
379 1071 471 1157 sequi
487 1092 597 1136 omnes
617 1081 797 1136 tencantur.
818 1073 912 1136 Extra
927 1072 1046 1137 Urbem

31 1185 101 1226 vcro
115 1165 238 1228 nemini
251 1165 346 1229 licere
357 1167 506 1230 volumus
523 1164 607 1230 idern
619 1167 820 1231 Breviarium
839 1167 870 1231 in
882 1178 1045 1252 posterum

32 1259 106 1342 typis
136 1260 322 1340 excudere,
352 1271 407 1324 aut
430 1261 599 1347 evulgare,
628 1262 687 1325 nisi
717 1262 865 1327 facultate
894 1263 925 1324 in
946 1263 1046 1347 scrip·

31 1357 64 1416 lis
79 1367 211 1441 accepta
229 1355 270 1418 ab
292 1355 538 1442 lnquisitoribus
563 1356 718 1420 heretica
735 1356 919 1441 pravitatis,
947 1356 1047 1443 siqui-

31 1449 98 1514 dem
125 1449 207 1515 inibi
239 1450 370 1532 fuerint,
403 1450 449 1514 sin
476 1450 582 1516 minus
604 1451 645 1514 ab
681 1453 824 1516 locorum
855 1450 1046 1516 Ordinariis.

31 1545 117 1624 Quod
139 1546 253 1631 siquis
268 1566 472 1632 quacumque
486 1545 588 1610 forma
609 1557 720 1610 contra
734 1547 951 1632 praescriptam
966 1548 1049 1611 Bre-

32 1641 162 1705 viarium
192 1641 376 1704 Romanum
396 1651 452 1704 aut
479 1639 712 1728 Typugrapbus
743 1641 964 1726 impresserit,
994 1653 1049 1706 aut

32 1734 219 1818 impressum
234 1733 416 1819 Bibliopola
427 1733 621 1816 vendiderit,
636 1733 890 1798 extraditionem
908 1743 1046 1796 nostram

31 1829 282 1893 Ecclesiastieam
308 1828 645 1894 excommunicationis
674 1833 745 1893 latae
761 1829 925 1893 sententia·
947 1848 1048 1912 pense

31 1922 204 2008 subjaceat,
221 1945 239 1987 a
259 1944 321 2010 qua
334 1924 394 1987 nisi
413 1944 430 1987 a
446 1925 593 1988 Romano
605 1924 759 1987 Pontifice
771 1926 998 2008 (preterquam
1014 1922 1046 1985 in

32 2017 135 2082 mortis
150 2017 288 2081 articulo
304 2021 504 2100 constitutus)
520 2017 642 2082 absolvi
660 2027 808 2103 nequeat;
826 2016 858 2078 in
873 2017 956 2080 alma
972 2037 1047 2080 vero

32 2113 123 2195 Urbe,
137 2135 176 2177 ae
192 2112 319 2198 reliquo
346 2113 436 2177 Statu
452 2113 672 2178 Ecclesiastico
695 2119 929 2176 commorantes
956 2111 1047 2197 quin·

33 2201 212 2291 gentorum'
237 2205 426 2270 ducatorum
462 2207 530 2270 auri
562 2204 601 2270 dc
634 2206 779 2283 Camere,
807 2227 844 2269 ac
870 2203 1049 2268 amissionis

32 2303 196 2381 librorum,
211 2311 243 2365 et
269 2313 415 2387 typorum
431 2301 575 2365 omnium
602 2299 707 2364 cidem
724 2300 864 2364 Camere
890 2299 1049 2384 applican-

33 2395 140 2461 dorum
158 2417 281 2482 poenas,
309 2395 430 2482 absque
457 2395 518 2458 alia
541 2392 757 2458 declaratione
784 2391 1047 2457 irremissibiliter

34 2492 193 2556 incurrant
206 2513 214 2573 3
240 2499 272 2553 et
286 2489 493 2553 nihilominus
506 2488 673 2552 Breviaria
688 2487 755 2550 sine
772 2484 923 2572 predicta
946 2484 1044 2550 facul·

35 2597 90 2649 tato
113 2586 282 2670 impressa,
299 2593 353 2648 aut
375 2583 537 2669 evulgata,
562 2603 600 2645 eo
621 2581 688 2666 ipso
711 2579 873 2667 prohibita
895 2599 1049 2643 censean-

34 2689 91 2742 tur.
109 2677 320 2764 lnquisitorcs
348 2698 436 2758 vero,
457 2679 667 2764 locorumque
687 2675 850 2739 Ordinarii
866 2675 1048 2740 facultatem

35 2771 215 2860 hujusmodi
231 2795 293 2836 non
312 2773 401 2858 prius
429 2771 618 2854 concedant,
637 2793 733 2859 quarn
752 2770 955 2834 Breviarium
983 2778 1048 2834 tam

34 2881 112 2949 ante,
129 2887 229 2954 quam
245 2878 315 2952 post
330 2865 572 2951 impressionem
589 2887 662 2928 cnm
686 2865 747 2928 boc
770 2865 839 2949 ipso
860 2862 1048 2946 exemplari,

35 2965 218 3028 auctoritate
234 2973 340 3026 nostra
355 2963 498 3046 vulgato,
515 2958 688 3046 diligenter
699 2957 903 3037 contulerint,
920 2967 952 3020 et
969 2956 1049 3021 nibil

36 3059 64 3120 in
76 3060 112 3121 iis
126 3056 275 3123 additum
290 3056 535 3141 detractumque
551 3055 772 3141 cognoverint.
799 3055 835 3115 In
861 3052 929 3136 ipsa
941 3062 1048 3116 autern

36 3155 193 3232 facultate,
216 3152 308 3238 cujus
330 3151 513 3234 exemplum
540 3150 572 3212 in
600 3150 661 3212 fine
697 3157 751 3213 aut
769 3147 859 3212 initio
889 3145 1046 3231 cujusquo

35 3249 187 3314 Breviarii
202 3249 391 3331 impressum
406 3266 534 3329 semper
557 3242 705 3326 addatur,
724 3243 918 3306 mentionem
948 3261 1045 3303 manu

37 3342 159 3427 propria
187 3342 304 3405 faciant
337 3341 482 3405 absolute
505 3337 693 3424 hujusmodi
722 3335 910 3412 collationis,
935 3355 1045 3419 reper-

38 3446 132 3522 teque
160 3437 245 3500 inter
274 3431 448 3522 utrumque
474 3435 678 3498 Breviarium
713 3428 956 3510 conformitatis,
985 3429 1045 3493 sub

37 3551 121 3612 poena
147 3529 392 3616 lnquisitoribus
429 3529 617 3614 privationis
645 3549 776 3593 suorum
802 3525 991 3606 officiorum,
1010 3545 1046 3588 ac

38 3625 240 3690 inhabilitatis
257 3623 297 3688 ad
319 3625 384 3707 illa,
398 3634 430 3689 et
444 3626 507 3688 alia
529 3624 561 3686 in
585 3633 748 3710 posterum
764 3617 957 3708 obtinenda3
984 3620 1045 3684 Or-

37 3713 163 3782 dinariis
175 3740 251 3782 vero
265 3722 408 3782 locorum
421 3717 639 3803 suspensionis
654 3739 672 3782 a
684 3716 813 3796 divinis,
832 3736 868 3779 ac
884 3712 1046 3777 interdicti

39 3811 233 3899 abingressu
262 3814 431 3894 Ecclesiae;
457 3832 567 3876 eorum
594 3833 671 3878 vero
694 3809 829 3878 Vicariis
858 3807 1046 3892 privationis

40 3907 208 3972 officiorum
238 3920 269 3973 et
293 3909 522 3974 beneficiorum
544 3928 686 3986 suorum,
719 3917 751 3970 ct
780 3902 988 3968 inhabilitatis
1004 3900 1045 3965 ad

41 3998 99 4078 illa,
118 4010 149 4064 et
163 4001 223 4064 alia
238 4002 270 4064 iu
285 4013 446 4086 posterum
463 3997 649 4082 obtinenda,
678 4019 802 4063 necnon
824 3995 1039 4060 exeommuni-

40 4093 165 4158 cationis
180 4095 301 4182 absque
314 4097 374 4160 alia
389 4094 604 4160 declaratione
620 4089 833 4182 incurrendoe.
852 4088 919 4153 Sub
931 4087 1045 4152 iisdem
