2750 4738
449 267 623 311 unnvmnu.
849 252 851 258 ’
1005 251 1047 312 fitt
1139 299 1144 320 ἦ

78 374 109 438 5.
133 374 223 437 lnira
252 374 411 438 Octavam
439 371 587 436 Officium
617 371 651 433 lit
680 368 904 456 Semiduplex,
932 373 964 435 in
992 373 1046 437 die

42 471 152 535 Octava
167 469 308 555 Duplex.
326 469 364 532 ln
379 467 531 553 vesperis
547 466 630 530 inico
645 465 798 529 Octavam
815 466 922 529 omnis
936 465 1047 531 dicun·

42 565 174 638 tussicut
190 566 225 628 in
237 561 386 628 secundis
398 562 548 647 Vesperis
563 560 667 640 Fosti;
682 568 715 623 et
726 560 759 620 in
777 559 888 644 primis
898 560 1048 646 vesperis

41 659 97 722 dici
112 660 243 725 Oetavae
259 659 366 722 omnio
382 658 506 721 sicutin
518 657 631 742 primis
642 653 793 740 Vesperis
804 653 901 733 Festi,
918 655 977 719 nisi
994 655 1049 720 oli·

42 766 85 818 tcc
97 755 128 818 in
145 754 285 840 propriis
300 754 379 818 locis
395 762 536 816 notetur.

78 853 107 916 6.
132 852 222 915 lnlra
239 850 376 916 Octavus
393 871 457 913 non
474 851 555 912 liunt
570 845 730 933 Sullragia
746 857 898 912 consueta
914 845 954 910 do
968 849 1050 913 Son·
1117 895 1119 900 -

37 944 98 1023 ctis,
122 965 181 1007 noo
197 941 351 1007 dicuntur
365 945 479 1006 Preces
494 940 535 1004 od
551 940 704 1018 Primam,
728 950 760 1004 ot
783 940 1048 1026 Completorium,

41 1037 154 1099 etiamsi
183 1038 241 1099 liat
254 1035 402 1100 Officium
418 1033 459 1098 do
473 1034 642 1098 Dominica
650 1080 660 1112 ,
679 1034 731 1098 vel
746 1034 838 1097 Festo
854 1033 1051 1119 semidupli-

45 1132 81 1194 ci.
104 1132 139 1194 ln
156 1131 228 1194 aliis
242 1129 405 1216 quomodo
423 1129 463 1192 sit
478 1125 691 1192 ordinandum
704 1127 850 1192 Officium
864 1127 903 1191 do
915 1130 1048 1206 Octavo,

45 1225 198 1289 habentur
215 1224 349 1287 iuferius
365 1223 501 1308 propriae
516 1222 677 1289 Rubrium.

88 1507 197 1583 VIII.
229 1507 284 1584 De
309 1503 440 1602 Officio
464 1504 608 1582 Sancus
632 1504 764 1582 Mortu²
778 1507 818 1582 tn
832 1503 999 1582 santolo.

83 1791 112 1852 l.
138 1791 176 1852 ln
195 1787 345 1852 omnihus
361 1784 509 1850 Sabbatis
526 1806 584 1870 por
606 1807 725 1850 anunm
753 1797 842 1851 extra
867 1786 1052 1854 Adventum

44 1893 71 1946 ot
84 1882 385 1971 Quadragcsimom‚
398 1903 434 1945 nc
450 1881 511 1944 nisi
524 1881 670 1962 Quatuor
682 1883 848 1968 Tempora,
864 1894 919 1948 out
928 1885 1052 1969 Vigiliae

44 1987 220 2054 occurrant,
234 1978 287 2041 vol
299 1977 358 2039 nisi
370 1975 440 2038 fieri
456 1973 573 2039 debeat
589 1974 630 2038 do
645 1977 737 2040 Feria
756 1988 888 2063 proptor
903 1978 1051 2044 Officium

43 2071 174 2157 alicujus
189 2070 362 2135 Dominicae
379 2067 551 2155 aliquando
569 2071 652 2134 inico
667 2070 912 2137 Hebdomadom
929 2095 1052 2159 poocu-

44 2164 127 2247 dum,
143 2166 228 2230 utin
240 2165 387 2229 Rubrico
402 2161 442 2226 de
457 2165 633 2228 Dominicis
648 2163 769 2229 dictum
787 2177 845 2246 ost,
871 2178 903 2230 et
919 2167 977 2230 nisi
998 2167 1053 2232 fiat

44 2261 187 2326 Officium
212 2281 330 2325 novom
357 2259 558 2337 Lectionum,
586 2261 636 2324 vet
660 2258 700 2323 de
728 2262 849 2326 Octavo
862 2261 1002 2344 Paschae,
1021 2273 1054 2326 ct

44 2357 255 2436 pentocostes,
272 2375 400 2438 sempor
415 2353 449 2416 lit
465 2353 616 2418 Officium
628 2352 668 2417 dc
681 2356 796 2420 Sancta
811 2357 922 2436 Maria,
936 2377 974 2419 co
988 2377 1054 2420 mo-

45 2448 81 2513 do
92 2473 156 2536 quo
172 2451 209 2514 fit
220 2448 261 2512 do
278 2449 371 2512 Festo
388 2447 544 2532 Simplici,
562 2448 835 2534 quemadmodum
851 2449 935 2514 circo
957 2449 1053 2514 linem

46 2546 197 2610 Breviorii
213 2542 407 2630 disponitur.
421 2543 467 2606 Do
482 2543 576 2607 Festo
592 2553 700 2607 autom
713 2544 856 2631 Simplici
869 2545 901 2607 in
914 2544 1054 2610 Sabbato

46 2648 228 2702 occurrente
244 2637 279 2702 fit
296 2639 709 2705 tantumcommcmoratio.

83 2737 113 2798 ⁹2.
139 2734 222 2799 Cum
236 2754 314 2798 vcro
330 2730 520 2818 supradictis
533 2731 647 2798 dicbus
662 2734 732 2798 fieri
759 2755 822 2798 nou
849 2743 953 2819 potest
981 2734 1055 2799 Offi-

46 2829 122 2892 cium
138 2827 182 2892 de
198 2837 307 2891 sancta
323 2827 435 2907 Maria,
453 2828 541 2890 nulla
566 2827 662 2890 etiam
673 2829 709 2892 lit
720 2829 988 2894 commemoratio
1014 2827 1055 2893 de

46 2945 79 2988 co
103 2933 239 3009 propter
264 2922 452 3000 Sabbatum,
484 2918 543 2985 scd
574 2931 697 2986 tautum
725 2923 757 2986 io
784 2921 1056 3008 semiduplicibus

46 3016 184 3104 (quando
198 3016 268 3104 ejus
281 3017 428 3080 Officium
451 3035 587 3101 parvum
603 3037 667 3079 non
679 3016 811 3099 dicitnr)
838 3018 872 3082 lit
903 3026 1054 3081 consucta

47 3112 109 3195 cjns
121 3111 392 3176 commemoratio
404 3131 463 3196 per
472 3131 591 3173 annum
605 3131 678 3174 cum
688 3111 759 3176 aliis
768 3111 935 3200 Suffragiis
946 3111 1056 3197 positis

3 3231 5 3238 ·
46 3206 74 3269 iu
84 3208 242 3271 Psalterio
253 3216 323 3291 post
337 3207 496 3290 Vosporas
512 3204 656 3269 sabbati.

84 3295 116 3357 5.
140 3295 220 3379 Ejus
235 3294 383 3358 Officium
395 3294 427 3356 in
439 3291 578 3356 Sabbato
591 3292 703 3378 incipit
714 3293 796 3357 foria
808 3294 853 3360 Vl
864 3291 906 3358 ad
920 3292 1053 3358 modum

47 3388 122 3452 Festi
135 3390 311 3474 Simplicis,
324 3395 343 3452 u
359 3387 515 3472 Cupitulo,
530 3396 562 3450 et
576 3388 768 3452 terminatur
778 3385 818 3450 ad
834 3388 956 3452 Nonum
972 3388 1051 3453 sab·

47 3481 119 3545 bati.
137 3485 171 3547 Si
188 3493 296 3546 nutem
312 3482 392 3546 foria
405 3481 449 3547 vl
465 3489 612 3543 occurrat
627 3479 774 3544 Officium
790 3502 905 3545 novom
928 3482 1053 3546 Lectio-

48 3597 129 3657 num,
144 3579 177 3640 in
189 3578 342 3662 Vesperis
367 3577 399 3641 fit
416 3585 538 3639 tontum
557 3573 926 3641 commemorationes,
953 3579 1051 3649 Mario

48 3693 114 3734 cum
135 3671 332 3758 Antiphona,
351 3672 465 3750 Versu,
494 3681 525 3734 et
551 3669 714 3751 Oratione,
742 3693 813 3756 qoae
838 3672 998 3736 hahentur
1020 3674 1051 3736 in

48 3765 152 3830 Officio
166 3766 236 3851 ojus
253 3767 284 3828 in
302 3765 452 3846 Subbato‚
467 3766 526 3828 nisi
541 3763 619 3828 illud
632 3765 779 3830 Officium
795 3789 911 3832 novom
926 3769 1053 3832 Lectio-

49 3879 119 3923 num
138 3861 179 3924 sit
202 3859 243 3924 do
274 3856 387 3923 eadem
405 3861 506 3924 Beata
526 3860 638 3940 Maria,
670 3862 747 3947 quia
776 3871 853 3928 tuno
879 3865 967 3927 nulls
989 3864 1051 3928 olio

48 3951 310 4019 Commemoratio
325 3953 366 4018 de
382 3977 418 4020 eo
436 3951 581 4019 iacienda
594 3964 653 4018 est.

87 4050 119 4112 4.
140 4050 191 4113 Ao
210 4051 400 4118 Matutinum
418 4061 488 4135 post
502 4050 726 4114 invitatorium
744 4060 775 4114 ot
787 4052 947 4138 Hpmnnm
964 4049 1003 4113 do
1017 4051 1050 4116 S.

52 4142 154 4226 naria,
171 4145 291 4212 dicitur
304 4167 404 4210 unum
415 4147 613 4211 Noctuinum
636 4167 710 4210 cum
732 4143 903 4211 duodecim
920 4147 1053 4210 Psalmis
