2806 4736
318 157 381 219 tta
721 125 723 128 Ι
739 168 912 214 οιιΔτιοηε

317 281 408 362 meis,
422 277 737 359 etunivcrsismalis,
767 284 800 339 et
825 274 875 338 iac
887 293 938 336 ma
953 271 1018 336 tuis
1033 292 1160 357 semper
1172 273 1323 340 inhaerere

317 371 488 454 mandatis,
506 380 537 435 et
552 392 571 435 a
587 380 617 434 tc
633 389 810 456 numquam
825 365 966 452 separari
983 365 1160 450 permittas.
1177 369 1239 450 Qui
1256 392 1323 434 cum

316 464 431 530 eodem
443 466 510 529 Deo
526 465 620 528 Patre
635 473 667 527 et
682 461 804 548 Spiritu
819 471 929 524 sancto
945 459 1026 524 vivis
1049 469 1216 547 eturcgnas
1242 465 1324 528 Deus

316 563 349 627 in
362 565 476 628 secula
487 563 690 627 seculorum.
708 560 824 624 Amen.

358 659 527 745 Perceptio
537 657 687 742 Corporis
701 657 759 734 tui,
773 655 910 719 Domine
925 655 944 718 J
946 676 1002 719 esu
1017 654 1152 737 Christe,
1168 655 1255 743 quod
1268 679 1322 744 ego

315 752 467 840 indignus
481 773 609 818 sumere
621 771 793 837 praesumo,
810 771 874 813 non
890 750 970 814 mihi
986 750 1155 836 proveniat
1181 753 1213 815 in
1234 751 1321 838 judi-

315 851 400 914 cium
416 859 448 914 et
457 847 777 914 condemnationem:
794 843 850 909 sed
866 868 925 932 pro
940 855 994 909 tua
1010 847 1127 932 pietate
1138 847 1236 931 prosit
1248 846 1322 910 mihi
1396 843 1397 860 ¹

315 943 356 1008 ad
370 953 582 1008 tutamentum
606 942 722 1006 mentis
735 951 767 1005 et
783 941 937 1025 eorporis,
951 951 983 1006 ct
995 937 1036 1004 ad
1049 938 1205 1003 medelam
1220 941 1321 1025 perci·
1396 975 1397 994 .

314 1038 482 1124 piendam.
507 1039 570 1120 Qui
593 1037 675 1104 vivis
692 1046 723 1101 ct
738 1055 853 1123 regnas
865 1056 938 1099 cum
952 1036 1020 1098 Dec
1046 1036 1142 1099 Patre
1159 1035 1321 1098 inanitate
1396 1033 1397 1102 i

316 1134 455 1220 Spiritus
475 1134 575 1201 sancti
603 1135 715 1215 Deus3
750 1131 942 1217 peremnia
977 1131 1092 1195 saecula
1125 1132 1320 1194 seculorum.

314 1227 431 1294 Amen.
1201 1236 1204 1241 '

358 1325 412 1388 26.
427 1325 461 1389 S.
474 1324 528 1389 Aa
547 1323 814 1391 Communionem.
837 1325 956 1388 Panem
980 1329 1142 1392 coelestem
1156 1324 1320 1410 accipiam,

315 1427 348 1483 ct
358 1440 476 1484 nomen
492 1421 620 1486 Domini
637 1419 810 1486 invocabo.

1396 1337 1397 1383 t

357 1525 504 1609 Domine,
520 1549 585 1592 non
598 1549 667 1592 sum
690 1525 819 1616 dignus,
834 1535 870 1590 ut
882 1526 981 1591 intres
996 1527 1057 1592 sub
1068 1536 1188 1592 tectum
1200 1544 1320 1590 meum:

314 1617 370 1684 sed
385 1630 507 1686 tantum
523 1621 576 1688 dic
591 1623 702 1705 verbo,
721 1631 752 1686 et
765 1620 932 1686 sanabitur·
955 1623 1064 1686 anima
1079 1643 1163 1687 mea.
1177 1620 1321 1695 Domine,
1394 1695 1395 1698 Ἴ

315 1735 379 1778 non
395 1736 466 1780 sum
478 1716 607 1806 dignus,
625 1721 740 1783 iterum
758 1727 785 1780 et
801 1720 889 1781 tertio
906 1721 1067 1802 repetitur.
1269 1781 1272 1784 ,
1396 1729 1397 1782 t

358 1808 480 1895 Corpus
496 1812 626 1878 Domini
642 1812 742 1876 nostri
765 1811 841 1875 Jcsu
857 1811 973 1877 Christi
1003 1812 1163 1878 custodiat
1183 1810 1319 1876 animam

315 1925 418 1969 meam
435 1905 468 1969 in
480 1908 580 1972 vitam
592 1918 757 1973 aternam.
776 1906 892 1971 Amen.
1396 1899 1397 1910 ’

358 1999 443 2081 Quid
458 2004 634 2069 retribuam
660 2003 799 2067 Domino
815 2023 873 2087 pro
889 1999 1049 2084 omnibus,
1080 2024 1152 2089 quaa
1178 1999 1323 2066 retribuit
1396 1955 1397 2044 i

315 2094 418 2159 mihi?
442 2096 580 2164 Calicem
593 2097 738 2164 salutaris
754 2097 922 2182 accipiam,
948 2106 980 2160 et
1002 2118 1119 2162 nomen
1133 2098 1260 2161 Domini
1276 2095 1321 2157 in·
1396 2124 1397 2172 t

315 2189 449 2256 vocabo.
465 2193 611 2259 Laudans
627 2192 784 2258 invocabo
797 2191 981 2274 Dominum,
999 2200 1030 2255 et
1042 2191 1083 2254 ah
1096 2192 1232 2256 inimicis
1248 2188 1321 2252 meis
1396 2182 1397 2245 i

315 2285 422 2350 salvus
444 2308 511 2351 erc.
1394 2289 1397 2366 3

359 2382 496 2468 Sanguis
509 2384 637 2449 Domini
651 2383 750 2448 nostri
766 2383 842 2447 Jesu
869 2380 985 2446 Christi
1001 2379 1160 2446 custodiat
1187 2380 1321 2445 animam
1394 2323 1397 2454 i

316 2499 420 2542 meam
433 2480 466 2542 in
484 2481 580 2546 vitam
596 2491 761 2544 aternam.
776 2475 891 2542 Amen.
1394 2455 1396 2490 ¹

358 2573 413 2637 27.
426 2574 469 2638 M.
486 2576 524 2639 St'
537 2574 746 2640 distribuatur
759 2593 850 2637 suero
867 2571 1051 2638 Communia
1063 2571 1153 2636 dicit:
1169 2569 1321 2636 Confiteor
1394 2493 1397 2642 i

315 2666 383 2732 Deo
396 2671 619 2756 omnipotenti,
634 2680 695 2735 etc.
1394 2643 1397 2706 i

363 2777 396 2840 S.
413 2778 602 2843 Misereatur
616 2777 713 2844 vestri
726 2776 928 2862 omnipotens
937 2778 1034 2859 Deus,
1049 2785 1080 2840 et
1095 2775 1235 2840 dimissis
1250 2793 1319 2860 pec

272 2937 274 2942 ,
317 2871 395 2936 eatis
414 2875 538 2958 vestris,
551 2872 709 2961 perducat
723 2894 781 2937 vos
796 2869 837 2935 ad
862 2871 959 2938 vitam
974 2883 1139 2937 aternam.

260 3029 262 3034 .
362 2968 405 3030 M.
422 2966 538 3034 Amen.

363 3072 396 3135 S.
409 3072 666 3162 ,indulgentiam
683 3076 929 3155 absolutionem,
943 3087 975 3142 et
986 3077 1208 3144 remissionem
1219 3091 1320 3162 pecca·

261 3203 263 3208 ·
289 3187 292 3194 '
319 3179 424 3232 torum
440 3180 631 3253 vestrorum,
647 3170 767 3235 tribuat
781 3171 874 3237 vohis
890 3173 1091 3259 omnipotens
1104 3184 1136 3239 et
1147 3169 1321 3237 misericors

243 3341 245 3344 Ι
309 3264 485 3346 ‚Dominus
996 3279 998 3282 ’

362 3361 405 3424 Μ.
419 3358 535 3426 Amen.
1310 3413 1313 3418 Δ
1394 3333 1397 3456 i

363 3457 396 3520 S.
410 3456 490 3520 Ecce
501 3456 616 3544 'Agnus
631 3459 702 3541 Dei,
721 3460 862 3548 eccequi
878 3459 962 3523 tollit
973 3467 1105 3544 peccata
1121 3453 1247 3521 mundi.
1262 3454 1320 3516 Do-

318 3552 417 3632 mine,
431 3573 496 3616 non
508 3575 577 3618 sum
590 3553 720 3642 dignus,
733 3567 770 3622 ut
785 3557 883 3621 intres
899 3557 958 3620 sub
974 3564 1093 3620 tectum
1119 3575 1240 3636 meum,
1270 3542 1321 3612 scd

319 3654 442 3710 tantum
458 3645 510 3712 dic
525 3650 637 3730 verbo,
651 3660 683 3713 et
694 3652 860 3716 sanabitur
871 3651 977 3715 anima
993 3671 1075 3714 mea.
1093 3649 1241 3730 Domine,
1263 3661 1321 3708 non

319 3761 390 3805 sum
405 3739 533 3828 dignus,
552 3754 614 3809 etc.
629 3748 742 3810 iterum
758 3759 784 3811 ct
801 3750 889 3811 tertio
904 3747 1065 3830 repetitur.

364 3848 484 3934 Corpus
501 3852 629 3918 Domini
650 3856 749 3919 nostri
765 3856 840 3919 Jesu
858 3853 973 3918 Christi
1005 3849 1165 3918 custodiat
1190 3851 1320 3916 animam

321 3942 567 4010 tueminvitam
581 3958 748 4013 aeternam.
763 3948 880 4013 Amen.
1071 3937 1075 3944 ¹

364 4035 419 4100 28.
433 4037 466 4102 S.
483 4039 793 4130 Adparifieaticncm
811 4042 937 4110 Calicis.
952 4042 1047 4126 Quod
1059 4065 1114 4108 cre
1125 4041 1318 4129 sumpsimus,
1394 4059 1397 4158 t
