2806 4736
378 242 407 285 rx
423 241 574 286 nunninus
590 245 738 289 nossem.
1008 220 1073 294 197

60 352 151 418 modo
166 352 236 414 iimo
247 346 415 413 Dominioa
427 366 490 408 nou
504 344 611 430 exigat
625 351 767 414 colorem
781 347 981 428 violaceum,
995 356 1072 411 tunc

59 450 142 512 enim
156 446 334 509 rentiuoret
345 462 440 505 suum
452 440 606 506 colorem.

100 543 216 622 Quost.
241 538 317 602 198.
355 534 492 599 Robrica
511 555 610 620 snpra
631 541 725 602 citato
744 539 852 602 statuit
879 538 1072 602 Poromento

60 639 167 701 ultoris
183 645 210 699 et
226 631 404 698 celebrantis
420 630 555 717 ejusdam
571 632 675 696 dobere
690 653 753 696 asse
776 631 899 710 coloris,
924 633 977 698 sed
999 652 1070 715 sop-

62 734 146 811 pom't
155 731 284 794 Missam
297 726 480 812 conformem
491 747 554 790 esse
571 727 680 814 Officio
688 751 700 808 ,·
712 728 789 814 quid
799 731 829 794 si
839 731 938 792 Misso
954 728 1072 792 discor-

61 827 110 888 dat
125 824 159 888 ob
177 818 315 909 Officio?

101 921 142 983 R.
166 919 255 980 Tune
287 916 478 978 Pammenia
505 908 697 974 celebrantis
722 921 817 976 erunt
846 914 1071 979 convenientia

61 1013 156 1075 Missae
171 1032 243 1097 quae
259 1007 452 1082 celebratur,
465 1006 658 1070 Pammenia
674 1025 752 1068 vero
770 1005 877 1068 abaris
894 1006 1071 1072 conformia

57 1107 182 1186 0ffi0i03
208 1105 361 1189 frequens
380 1120 471 1164 casus
500 1108 548 1161 est
574 1096 705 1182 quando
728 1098 909 1162 celebratur
938 1099 1066 1165 Votiva.

61 1198 143 1262 Idem
157 1199 255 1262 etiam
266 1194 384 1260 accidit
399 1193 581 1278 invigiliis,
596 1193 697 1256 Feriis
713 1195 860 1276 Qualuor
874 1195 1068 1279 Temporum

58 1302 88 1355 et
98 1293 187 1355 Feria
199 1292 230 1354 11
245 1288 473 1374 Rogationum,
490 1307 561 1371 quae
577 1286 712 1351 veniunt
727 1287 809 1350 infra
821 1288 961 1373 aliquam
977 1288 1069 1352 Oeta·

60 1407 126 1448 vam
135 1408 144 1468 3
169 1395 246 1450 tune
261 1383 347 1444 enim
370 1379 518 1444 Officium
534 1375 667 1463 quidem
682 1389 731 1443 est
745 1378 785 1443 de
803 1379 856 1444 dia
875 1381 959 1444 infra
972 1380 1069 1446 Octa-

60 1476 211 1559 vam‚sed
241 1478 335 1540 Missa
361 1485 409 1538 est
432 1473 472 1536 de
492 1473 624 1558 vigilia,
649 1475 701 1538 vel
721 1495 786 1538 una
816 1498 856 1540 ex
880 1473 1071 1560 supradietis

58 1571 152 1635 Feriis
168 1569 360 1657 majoribus3
371 1591 402 1633 v.
418 1590 450 1654 g.
469 1566 718 1654 dieiinugusti
735 1569 768 1632 iu
785 1571 905 1656 Vigilia
917 1569 1069 1655 Assump-
1122 1605 1124 1608 ·

57 1665 159 1729 tionis.
178 1662 273 1746 Quod
289 1664 313 1726 si
331 1663 425 1727 Missa
440 1661 831 1745 solemnitereelebrntur‚
856 1665 1008 1731 convenit
1033 1676 1068 1728 ut

59 1759 243 1824 paramenta
271 1758 379 1823 altaris
400 1767 544 1840 tempore
568 1757 669 1821 Missae
693 1759 756 1822 sint
781 1758 928 1846 ejusdem
951 1761 1067 1824 eoloris

55 1874 126 1915 enm
138 1854 337 1916 Paromentis
349 1850 521 1916 sacerdoiis
534 1860 564 1914 ei
577 1851 807 1932 ministrorum.

97 1947 216 2027 Quaest.
231 1948 306 2010 199.
335 1947 414 2024 Quis
426 1944 508 2008 color
520 1943 711 2010 adhibendos
725 1959 768 2010 est
784 1950 919 2032 exposito
933 1946 992 2010 SS.
1009 1947 1066 2010 So·

59 2041 243 2106 erorrrento?

96 2137 136 2200 R.
153 2137 367 2200 «Pornmouta
380 2136 500 2217 abaris,
514 2137 545 2198 in
562 2156 626 2222 quo
641 2136 698 2199 SS.
709 2137 951 2200 Sacramentum
967 2157 1067 2220 expo·

56 2228 149 2310 nitor,
166 2228 287 2295 debent
300 2229 475 2308 ossanna,
489 2231 612 2294 etiamsi
625 2230 772 2294 Officium
787 2251 958 2294 occurrens
967 2230 1065 2294 alium

54 2323 191 2388 colorem
204 2325 322 2410 exigat.
340 2327 528 2390 Pammenia
542 2335 649 2389 aunem
660 2326 852 2390 celebrantis
864 2335 896 2389 et
908 2325 1066 2390 ministro-

57 2435 133 2496 rum,
152 2416 185 2479 iu
202 2417 308 2494 Missa,
321 2419 482 2502 Vesperis,
499 2419 633 2505 aliisque
646 2419 741 2482 Horis
752 2419 1001 2496 canonicis,antn
1014 2421 1066 2484 vel

60 2521 125 2592 post
139 2533 220 2596 quas
235 2512 270 2574 fio
280 2513 455 2596 Exposim,
470 2515 511 2577 ita
527 2523 563 2576 ut
578 2513 743 2578 celebrans
759 2524 888 2598 paratus
899 2534 964 2576 non
978 2533 1065 2576 reee-

57 2600 106 2668 dat
122 2605 163 2669 ab
180 2607 285 2687 altari,
303 2605 423 2672 debent
439 2629 506 2670 esse
520 2609 622 2672 Missae
636 2619 692 2673 out
703 2608 813 2672 Officio
825 2607 1062 2689 convenientia,

53 2698 117 2762 sive
125 2701 214 2764 color
228 2700 439 2767 sirnlbosaut
449 2702 594 2782 Rubras,
605 2700 727 2768 Viridis
740 2713 795 2767 aut
806 2703 975 2769 Violaeeus
983 2726 993 2785 3
1006 2700 1064 2767 sed

57 2812 226 2880 numquam
248 2797 335 2859 color
350 2797 448 2884 Niger
471 2808 518 2862 est
528 2796 744 2875 adhibendus,
771 2807 804 2860 et
826 2794 910 2859 Albo
936 2816 1064 2882 sempor

56 2888 120 2950 velo
151 2890 310 2954 humerali
334 2913 392 2975 pro
417 2891 648 2956 Benedictione
676 2890 782 2955 danda
812 2887 968 2954 utendum
1001 2899 1059 2954 est.

51 2980 215 3060 ‘Quatenus
238 3007 315 3050 vero
340 2989 502 3071 Expositio
531 2988 567 3052 fit
597 2998 759 3074 tamquam
785 2984 908 3049 functio
929 2985 1061 3047 omnino

50 3091 193 3160 ¹separato
210 3089 241 3143 et
256 3078 404 3146 distinere
418 3104 437 3145 a
453 3082 546 3146 Missa
562 3091 617 3145 aut
643 3081 684 3145 ab
710 3079 820 3144 Officio
845 3078 1062 3162 Vesperarum

54 3171 247 3260 aliarumque
270 3177 442 3255 Horarum,
460 3177 626 3242 celebrans
651 3187 684 3240 et
708 3175 844 3240 ministri
866 3174 912 3236 uti
941 3172 1062 3237 debent

52 3262 246 3332 Paramentis
257 3271 373 3334 coloris
386 3269 474 3334 Albi.
492 3295 507 3330 o
534 3272 581 3334 De
596 3269 711 3334 Herdt.

258 3499 287 3591 ξ.
302 3477 340 3572 Ι2.
357 3501 411 3574 De
425 3521 494 3574 nso
507 3499 832 3574 Poromeotorom.

87 3721 206 3801 Quaest.
217 3724 293 3789 2⁰0.
306 3728 344 3789 In
360 3728 470 3814 quibus
481 3729 691 3812 frenetiooibos
706 3732 803 3792 saeris
827 3729 926 3792 utitor
949 3747 1053 3790 socer-

49 3811 269 3899 dosplomnli?

67 3987 70 3993 Ι
86 3909 125 3974 R.
143 3913 281 3978 Pluvioli
299 3919 400 3983 utitur
411 3921 442 3982 in
460 3919 717 4006 processionibus
732 3929 762 3981 et
775 3917 1055 3984 benedictionibus

47 4022 113 4085 qun
126 4007 208 4073 fiunt
225 4011 372 4094 inuitari,
388 4037 420 4078 v.
434 4038 467 4101 g.
485 4016 641 4094 cinerum,
657 4017 848 4098 palmarum,
876 4014 1053 4100 imaginum

48 4106 119 4182 eles,
151 4125 223 4190 quae
252 4129 324 4173 eum
355 4113 513 4174 solemnes
539 4112 623 4195 sint,
656 4111 802 4175 Pluviale
828 4110 906 4195 jure
937 4109 1053 4172 merito
1090 4178 1091 4182 ,
1200 4177 1201 4182 γ
