2806 4736
369 252 550 297 annonam
565 255 758 298 namcanam.
1000 232 1063 295 119

44 357 201 440 Domine,
217 377 298 443 pune
315 365 421 420 mente
436 356 619 441 capiamus:
636 367 667 422 et
682 354 723 420 de
738 377 872 422 munere
897 355 1063 441 temporali

43 457 104 520 fiat
118 453 211 518 nabis
225 449 405 515 remedium
419 451 665 537 sempiternum.

93 551 130 614 S.
148 548 203 613 Ad
218 547 407 611 ablationem
428 546 611 632 diyitaram.
637 547 759 633 Corpus
786 557 889 628 tuum,
914 544 1062 626 Domine,

43 642 141 730 quod
156 642 289 728 sumpsi,
303 652 335 705 et
347 642 495 728 Sanguis,
512 664 610 729 quem
624 642 742 728 patavi,
756 641 920 706 adhereat
933 639 1066 705 visceri·

42 739 110 802 bus
123 737 223 801 mais:
243 748 275 801 et
292 746 415 820 praesta,
435 747 471 800 ut
490 737 522 800 in
545 759 597 801 me
625 758 688 801 non
717 747 879 801 remaneat
908 736 1064 801 scelerum

43 834 191 910 macula,
217 853 313 918 quem
338 853 418 917 pura
450 842 482 896 et
507 843 614 896 sancta
633 832 817 896 refecerunt
846 832 1064 895 Sacramenta.

44 929 111 1010 Qui
128 927 212 994 vivis
235 937 268 991 et
290 948 405 1014 regnas
420 927 453 990 in
475 929 589 992 saecnla
605 924 932 993 seculorumbman.

249 1213 470 1293 Gratiarum
483 1219 579 1294 actio
596 1226 680 1313 past
694 1216 861 1292 Missam.

89 1520 147 1584 29.
165 1516 313 1603 Sacerdos
325 1516 399 1580 dam
414 1516 495 1581 redit
517 1517 559 1580 ed
569 1519 746 1582 sacristiam
767 1529 796 1582 et
815 1518 939 1602 deponit
966 1542 1059 1606 para·

45 1625 151 1679 menta
169 1611 256 1696 dicit
271 1610 511 1696 Antiphanam:
547 1612 657 1676 Trium
693 1634 869 1698 puerorum
899 1625 1064 1680 cantemus

44 1713 204 1798 hymnum
219 1731 227 1772 τ
242 1729 339 1795 quem
353 1707 525 1773 cantabant
539 1709 639 1773 sancti
659 1710 691 1771 in
713 1709 839 1773 camino
852 1710 947 1798 ignis,
961 1711 1062 1775 bene-

46 1803 390 1872 dicentesDnminum.
408 1803 514 1887 Tcmp.
530 1802 648 1868 Pascit.
673 1802 802 1866 additur
820 1802 971 1871 Alleluia.

86 1899 279 1966 Benedicite
305 1898 414 1963 amnia
441 1920 541 1983 opera
564 1899 693 1963 Domini
723 1899 881 1964 Domino:
903 1900 1061 1970 *laudate

46 2009 78 2064 et
93 1997 333 2085 superexaltate
349 2015 424 2059 eum
441 1994 473 2057 in
489 1996 616 2059 saecule.

73 2087 280 2157 ‘benedicite
301 2088 419 2176 Angeli
446 2087 577 2152 Domini
599 2089 755 2155 Domina:
770 2093 781 2114 '
796 2089 980 2158 benedicite
992 2097 1061 2160 caeli

45 2188 201 2252 Domino.

87 2293 278 2387 Benedicite
293 2315 384 2380 aquae
400 2313 524 2373 omnes,
538 2315 609 2380 quae
623 2314 722 2380 super
734 2298 830 2362 coelos
845 2307 929 2379 sunt,
954 2300 1060 2364 Domi·

46 2410 108 2455 no:
127 2390 144 2421 *
159 2387 341 2454 benedicite
353 2411 464 2456 amnes
478 2389 612 2456 viniules
627 2392 755 2456 Domini
771 2395 920 2458 Domina.

87 2496 278 2564 Benedicite
308 2500 355 2562 sol
383 2507 416 2564 et
441 2500 519 2562 luna
542 2498 703 2564 Domina:
721 2500 934 2567 *benedicite
963 2506 1065 2570 steliae'

47 2596 117 2658 coeli
135 2593 298 2658 Domino.-

86 2687 277 2754 Benedicite
300 2689 404 2754 omnis
424 2689 530 2754 imber
546 2698 579 2754 et
599 2711 651 2754 ras
670 2690 808 2756 Domina
825 2712 834 2755 τ
850 2691 860 2714 '
874 2690 1058 2762 benedicite

47 2806 159 2850 amnes
176 2779 306 2871 spiritus
320 2785 379 2851 Dei
391 2786 545 2860 Domina.

88 2879 279 2947 Benedicite
298 2881 381 2969 ignis
411 2890 443 2945 et
471 2890 565 2946 cestus
587 2879 742 2945 Domina:
759 2879 770 2901 '
786 2880 969 2950 benedicite
999 2886 1057 2950 fri-

48 2997 105 3062 gas
122 2986 157 3042 et
171 2986 265 3042 estus
281 2976 430 3042 Domina.

87 3070 277 3138 Benedicite
302 3093 390 3138 nares
406 3081 438 3137 et
451 3070 566 3159 pruina
582 3069 742 3137 Domino:
762 3070 973 3141 *benedicite
999 3099 1056 3164 ge-

47 3167 79 3233 lu
96 3179 129 3236 et
145 3168 247 3256 frigus
260 3169 409 3236 Domina.

87 3276 275 3344 Benedicite
295 3277 413 3365 glacies
442 3288 475 3343 et
503 3278 594 3343 nives
621 3276 782 3341 Domino:
815 3277 831 3308 *
858 3278 1053 3369 benedicite,
1094 3347 1104 3367 ,

49 3387 156 3440 noctes
170 3385 203 3440 et
217 3373 286 3438 dies
306 3374 456 3439 Domino.

87 3469 276 3534 benedicite
291 3471 348 3533 lux
371 3479 402 3534 et
425 3469 564 3534 tenebrae
579 3468 717 3532 Domina
736 3491 744 3532 ε
762 3467 975 3537 *benedicite
991 3473 1055 3545 fut-

47 3583 124 3649 gnra
140 3576 172 3630 et
188 3566 291 3630 nubes
304 3564 455 3630 Domino.
768 3569 770 3572 ’

85 3657 263 3725 Benedicat
278 3669 361 3728 terra
376 3661 567 3727 Dominnms
590 3657 606 3688 *
634 3655 744 3722 laudet
775 3668 808 3724 et
837 3664 1053 3746 superexaltet

47 3770 117 3820 eum
133 3756 166 3820 in
182 3757 308 3821 saecula.

84 3848 271 3914 Benedicite
296 3861 420 3915 montes
452 3860 484 3916 et
513 3848 618 3915 colles
638 3849 795 3914 Domino:
827 3847 1050 3916 *benedicite

46 3942 190 4008 universa
202 3945 417 4030 ¹germinantia
433 3945 466 4008 in
482 3955 566 4010 tenna
580 3944 730 4010 Domino.
813 3974 821 3993 ·

84 4037 272 4102 Benedicite
301 4040 404 4106 fantes
433 4041 596 4105 Domino:
629 4039 643 4068 *
674 4037 855 4103 benedicite
886 4039 984 4104 maria
1018 4049 1050 4104 et

47 4125 174 4198 flamina
196 4134 345 4199 Domina.
