<?xml version="1.0" encoding="UTF-8"?>
<!DOCTYPE html PUBLIC "-//W3C//DTD XHTML 1.0 Transitional//EN"
    "http://www.w3.org/TR/xhtml1/DTD/xhtml1-transitional.dtd">
<html xmlns="http://www.w3.org/1999/xhtml" xml:lang="en" lang="en">
 <head>
  <title>
</title>
<meta http-equiv="Content-Type" content="text/html;charset=utf-8" />
  <meta name='ocr-system' content='tesseract 3.04.00' />
  <meta name='ocr-capabilities' content='ocr_page ocr_carea ocr_par ocr_line ocrx_word'/>
</head>
<body>
  <div class='ocr_page' id='page_1' title='image "./quaestionesinru00churgoog_0121.png"; bbox 0 0 2750 4738; ppageno 0'>
   <div class='ocr_carea' id='block_1_1' title="bbox 348 192 926 255">
    <p class='ocr_par' dir='ltr' id='par_1_1' title="bbox 348 192 926 255">
     <span class='ocr_line' id='line_1_1' title="bbox 348 192 926 255; baseline -0.002 0"><span class='ocrx_word' id='word_1_1' title='bbox 348 192 408 255; x_wconf 83' lang='lat'>1⁰6</span> <span class='ocrx_word' id='word_1_2' title='bbox 782 211 926 254; x_wconf 72' lang='lat' dir='ltr'>auserem</span> 
     </span>
    </p>
   </div>
   <div class='ocr_carea' id='block_1_2' title="bbox 339 308 1357 3240">
    <p class='ocr_par' dir='ltr' id='par_1_2' title="bbox 342 308 1352 964">
     <span class='ocr_line' id='line_1_2' title="bbox 382 308 1349 399; baseline -0.005 -23"><span class='ocrx_word' id='word_1_3' title='bbox 382 313 417 376; x_wconf 77' lang='lat'>5.</span> <span class='ocrx_word' id='word_1_4' title='bbox 434 313 550 376; x_wconf 78' lang='lat' dir='ltr'><strong>Preces</strong></span> <span class='ocrx_word' id='word_1_5' title='bbox 560 313 699 376; x_wconf 85' lang='lat' dir='ltr'>Feriales</span> <span class='ocrx_word' id='word_1_6' title='bbox 711 309 752 376; x_wconf 89' lang='lat' dir='ltr'>ad</span> <span class='ocrx_word' id='word_1_7' title='bbox 764 310 902 390; x_wconf 83' lang='lat' dir='ltr'>Laudes,</span> <span class='ocrx_word' id='word_1_8' title='bbox 916 323 948 376; x_wconf 90' lang='lat' dir='ltr'>et</span> <span class='ocrx_word' id='word_1_9' title='bbox 959 333 1018 399; x_wconf 88' lang='lat' dir='ltr'>per</span> <span class='ocrx_word' id='word_1_10' title='bbox 1029 312 1132 375; x_wconf 88' lang='lat' dir='ltr'>Horas</span> <span class='ocrx_word' id='word_1_11' title='bbox 1142 308 1309 388; x_wconf 77' lang='lat' dir='ltr'>distinctae,</span> <span class='ocrx_word' id='word_1_12' title='bbox 1320 320 1349 372; x_wconf 89' lang='lat' dir='ltr'>ut</span> 
     </span>
     <span class='ocr_line' id='line_1_3' title="bbox 342 402 1348 489; baseline -0.005 -20"><span class='ocrx_word' id='word_1_13' title='bbox 342 405 375 469; x_wconf 90' lang='lat' dir='ltr'>in</span> <span class='ocrx_word' id='word_1_14' title='bbox 390 406 558 489; x_wconf 90' lang='lat' dir='ltr'>Psalterio,</span> <span class='ocrx_word' id='word_1_15' title='bbox 575 404 727 470; x_wconf 91' lang='lat' dir='ltr'>dicuntur</span> <span class='ocrx_word' id='word_1_16' title='bbox 751 416 874 470; x_wconf 87' lang='lat' dir='ltr'>tantum</span> <span class='ocrx_word' id='word_1_17' title='bbox 896 408 928 470; x_wconf 93' lang='lat' dir='ltr'>in</span> <span class='ocrx_word' id='word_1_18' title='bbox 948 407 1049 472; x_wconf 87' lang='lat' dir='ltr'>Feriis</span> <span class='ocrx_word' id='word_1_19' title='bbox 1070 402 1250 486; x_wconf 81' lang='lat' dir='ltr'>Adventus,</span> <span class='ocrx_word' id='word_1_20' title='bbox 1269 404 1348 482; x_wconf 81' lang='lat' dir='ltr'>Qua-</span> 
     </span>
     <span class='ocr_line' id='line_1_4' title="bbox 345 498 1350 587; baseline -0.003 -24"><span class='ocrx_word' id='word_1_21' title='bbox 345 499 549 586; x_wconf 87' lang='lat' dir='ltr'>dragesimae,</span> <span class='ocrx_word' id='word_1_22' title='bbox 559 501 706 581; x_wconf 83' lang='lat' dir='ltr'>Quatuor</span> <span class='ocrx_word' id='word_1_23' title='bbox 716 503 921 585; x_wconf 88' lang='lat' dir='ltr'>Temporom,</span> <span class='ocrx_word' id='word_1_24' title='bbox 933 513 965 566; x_wconf 88' lang='lat' dir='ltr'>et</span> <span class='ocrx_word' id='word_1_25' title='bbox 977 501 1182 587; x_wconf 81' lang='lat' dir='ltr'>Vigiliarum,</span> <span class='ocrx_word' id='word_1_26' title='bbox 1192 521 1266 585; x_wconf 84' lang='lat' dir='ltr'>quae</span> <span class='ocrx_word' id='word_1_27' title='bbox 1273 498 1350 584; x_wconf 83' lang='lat' dir='ltr'>jeju·</span> 
     </span>
     <span class='ocr_line' id='line_1_5' title="bbox 347 595 1351 682; baseline -0.003 -23"><span class='ocrx_word' id='word_1_28' title='bbox 347 606 464 660; x_wconf 83' lang='lat' dir='ltr'>nentur</span> <span class='ocrx_word' id='word_1_29' title='bbox 475 596 627 681; x_wconf 82' lang='lat' dir='ltr'>(exceptis</span> <span class='ocrx_word' id='word_1_30' title='bbox 642 597 762 682; x_wconf 88' lang='lat' dir='ltr'>Vigilia</span> <span class='ocrx_word' id='word_1_31' title='bbox 776 597 955 663; x_wconf 77' lang='lat' dir='ltr'>Natiuitatis</span> <span class='ocrx_word' id='word_1_32' title='bbox 967 595 1107 676; x_wconf 89' lang='lat' dir='ltr'>Domini,</span> <span class='ocrx_word' id='word_1_33' title='bbox 1121 617 1158 658; x_wconf 90' lang='lat' dir='ltr'>ae</span> <span class='ocrx_word' id='word_1_34' title='bbox 1174 595 1307 680; x_wconf 84' lang='lat' dir='ltr'>Vigilia,</span> <span class='ocrx_word' id='word_1_35' title='bbox 1325 604 1351 656; x_wconf 90' lang='lat' dir='ltr'>et</span> 
     </span>
     <span class='ocr_line' id='line_1_6' title="bbox 345 687 1351 776; baseline -0.005 -22"><span class='ocrx_word' id='word_1_36' title='bbox 345 690 490 772; x_wconf 87' lang='lat' dir='ltr'>Quatuor</span> <span class='ocrx_word' id='word_1_37' title='bbox 504 690 714 776; x_wconf 82' lang='lat' dir='ltr'>Temporibus</span> <span class='ocrx_word' id='word_1_38' title='bbox 728 693 945 775; x_wconf 82' lang='lat' dir='ltr'>Pentecostes)</span> <span class='ocrx_word' id='word_1_39' title='bbox 961 702 993 757; x_wconf 92' lang='lat' dir='ltr'>ct</span> <span class='ocrx_word' id='word_1_40' title='bbox 1014 701 1091 755; x_wconf 90' lang='lat' dir='ltr'>tunc</span> <span class='ocrx_word' id='word_1_41' title='bbox 1106 687 1351 753; x_wconf 82' lang='lat' dir='ltr'>dicunturflexis</span> 
     </span>
     <span class='ocr_line' id='line_1_7' title="bbox 343 780 1352 871; baseline -0.003 -25"><span class='ocrx_word' id='word_1_42' title='bbox 343 783 492 871; x_wconf 82' lang='lat' dir='ltr'>genibus.</span> <span class='ocrx_word' id='word_1_43' title='bbox 516 784 553 847; x_wconf 93' lang='lat' dir='ltr'>ln</span> <span class='ocrx_word' id='word_1_44' title='bbox 576 785 646 849; x_wconf 91' lang='lat' dir='ltr'>aliis</span> <span class='ocrx_word' id='word_1_45' title='bbox 664 785 764 849; x_wconf 87' lang='lat' dir='ltr'>Feriis</span> <span class='ocrx_word' id='word_1_46' title='bbox 787 805 984 868; x_wconf 82' lang='lat' dir='ltr'>perannum,</span> <span class='ocrx_word' id='word_1_47' title='bbox 1006 805 1183 870; x_wconf 82' lang='lat' dir='ltr'>numquam</span> <span class='ocrx_word' id='word_1_48' title='bbox 1205 780 1352 847; x_wconf 90' lang='lat' dir='ltr'>dicuntur</span> 
     </span>
     <span class='ocr_line' id='line_1_8' title="bbox 343 879 1241 964; baseline -0.001 -21"><span class='ocrx_word' id='word_1_49' title='bbox 343 879 403 944; x_wconf 88' lang='lat' dir='ltr'>nisi</span> <span class='ocrx_word' id='word_1_50' title='bbox 424 880 650 958; x_wconf 87' lang='lat' dir='ltr'>Dominicales,</span> <span class='ocrx_word' id='word_1_51' title='bbox 669 891 702 944; x_wconf 91' lang='lat' dir='ltr'>et</span> <span class='ocrx_word' id='word_1_52' title='bbox 726 881 759 944; x_wconf 89' lang='lat' dir='ltr'>in</span> <span class='ocrx_word' id='word_1_53' title='bbox 776 881 837 945; x_wconf 95' lang='lat' dir='ltr'>illis</span> <span class='ocrx_word' id='word_1_54' title='bbox 850 902 913 943; x_wconf 90' lang='lat' dir='ltr'>non</span> <span class='ocrx_word' id='word_1_55' title='bbox 929 880 1104 945; x_wconf 86' lang='lat' dir='ltr'>fleetuntur</span> <span class='ocrx_word' id='word_1_56' title='bbox 1120 899 1241 964; x_wconf 87' lang='lat' dir='ltr'>genua.</span> 
     </span>
    </p>

    <p class='ocr_par' dir='ltr' id='par_1_3' title="bbox 339 972 1354 1725">
     <span class='ocr_line' id='line_1_9' title="bbox 386 972 1352 1062; baseline -0.004 -24"><span class='ocrx_word' id='word_1_57' title='bbox 386 975 419 1039; x_wconf 82' lang='lat' dir='ltr'>l.</span> <span class='ocrx_word' id='word_1_58' title='bbox 446 975 483 1038; x_wconf 92' lang='lat' dir='ltr'>ln</span> <span class='ocrx_word' id='word_1_59' title='bbox 508 975 608 1038; x_wconf 87' lang='lat' dir='ltr'>Feriis</span> <span class='ocrx_word' id='word_1_60' title='bbox 633 972 812 1051; x_wconf 81' lang='lat' dir='ltr'>Adventus,</span> <span class='ocrx_word' id='word_1_61' title='bbox 845 973 1116 1062; x_wconf 85' lang='lat' dir='ltr'>Quadragesimae,</span> <span class='ocrx_word' id='word_1_62' title='bbox 1149 983 1183 1036; x_wconf 88' lang='lat' dir='ltr'>et</span> <span class='ocrx_word' id='word_1_63' title='bbox 1211 977 1352 1053; x_wconf 76' lang='lat' dir='ltr'>Quatuor</span> 
     </span>
     <span class='ocr_line' id='line_1_10' title="bbox 343 1067 1341 1156; baseline -0.007 -20"><span class='ocrx_word' id='word_1_64' title='bbox 343 1071 548 1156; x_wconf 85' lang='lat' dir='ltr'>Temporum,</span> <span class='ocrx_word' id='word_1_65' title='bbox 562 1069 713 1135; x_wconf 88' lang='lat' dir='ltr'>dicuntur</span> <span class='ocrx_word' id='word_1_66' title='bbox 722 1073 838 1135; x_wconf 89' lang='lat' dir='ltr'>Preces</span> <span class='ocrx_word' id='word_1_67' title='bbox 853 1071 993 1134; x_wconf 90' lang='lat' dir='ltr'>Feriales</span> <span class='ocrx_word' id='word_1_68' title='bbox 1008 1071 1105 1133; x_wconf 88' lang='lat' dir='ltr'>etiam</span> <span class='ocrx_word' id='word_1_69' title='bbox 1121 1067 1161 1132; x_wconf 93' lang='lat' dir='ltr'>ad</span> <span class='ocrx_word' id='word_1_70' title='bbox 1179 1068 1341 1152; x_wconf 89' lang='lat' dir='ltr'>Vesperas</span> 
     </span>
     <span class='ocr_line' id='line_1_11' title="bbox 340 1161 1353 1250; baseline -0.008 -20"><span class='ocrx_word' id='word_1_71' title='bbox 340 1166 366 1230; x_wconf 91' lang='lat' dir='ltr'>si</span> <span class='ocrx_word' id='word_1_72' title='bbox 385 1187 449 1230; x_wconf 91' lang='lat' dir='ltr'>non</span> <span class='ocrx_word' id='word_1_73' title='bbox 465 1175 617 1250; x_wconf 88' lang='lat' dir='ltr'>sequatur</span> <span class='ocrx_word' id='word_1_74' title='bbox 630 1167 777 1229; x_wconf 80' lang='lat' dir='ltr'>Festum:</span> <span class='ocrx_word' id='word_1_75' title='bbox 793 1163 834 1228; x_wconf 92' lang='lat' dir='ltr'>ad</span> <span class='ocrx_word' id='word_1_76' title='bbox 848 1164 1099 1250; x_wconf 90' lang='lat' dir='ltr'>Completorinm</span> <span class='ocrx_word' id='word_1_77' title='bbox 1116 1161 1273 1226; x_wconf 88' lang='lat' dir='ltr'>dicuntur</span> <span class='ocrx_word' id='word_1_78' title='bbox 1288 1184 1353 1226; x_wconf 92' lang='lat' dir='ltr'>eon-</span> 
     </span>
     <span class='ocr_line' id='line_1_12' title="bbox 341 1258 1353 1346; baseline -0.006 -22"><span class='ocrx_word' id='word_1_79' title='bbox 341 1270 438 1325; x_wconf 82' lang='lat' dir='ltr'>suetae</span> <span class='ocrx_word' id='word_1_80' title='bbox 455 1258 496 1322; x_wconf 91' lang='lat' dir='ltr'>de</span> <span class='ocrx_word' id='word_1_81' title='bbox 511 1260 688 1342; x_wconf 84' lang='lat' dir='ltr'>Dominica,</span> <span class='ocrx_word' id='word_1_82' title='bbox 716 1258 773 1324; x_wconf 89' lang='lat' dir='ltr'>sed</span> <span class='ocrx_word' id='word_1_83' title='bbox 794 1258 885 1324; x_wconf 86' lang='lat' dir='ltr'>flexis</span> <span class='ocrx_word' id='word_1_84' title='bbox 901 1259 1048 1346; x_wconf 81' lang='lat' dir='ltr'>genibus.</span> <span class='ocrx_word' id='word_1_85' title='bbox 1066 1259 1228 1322; x_wconf 78' lang='lat' dir='ltr'>Dicuntur</span> <span class='ocrx_word' id='word_1_86' title='bbox 1250 1267 1353 1320; x_wconf 89' lang='lat' dir='ltr'>autem</span> 
     </span>
     <span class='ocr_line' id='line_1_13' title="bbox 339 1350 1354 1440; baseline -0.008 -19"><span class='ocrx_word' id='word_1_87' title='bbox 339 1356 455 1421; x_wconf 82' lang='lat' dir='ltr'>Preces</span> <span class='ocrx_word' id='word_1_88' title='bbox 466 1355 558 1419; x_wconf 85' lang='lat' dir='ltr'>flexis</span> <span class='ocrx_word' id='word_1_89' title='bbox 569 1354 761 1440; x_wconf 88' lang='lat' dir='ltr'>genibus,ab</span> <span class='ocrx_word' id='word_1_90' title='bbox 769 1352 1042 1435; x_wconf 88' lang='lat' dir='ltr'>Hebdomadario,</span> <span class='ocrx_word' id='word_1_91' title='bbox 1052 1373 1154 1438; x_wconf 86' lang='lat' dir='ltr'>usque</span> <span class='ocrx_word' id='word_1_92' title='bbox 1167 1350 1211 1416; x_wconf 92' lang='lat' dir='ltr'>ad</span> <span class='ocrx_word' id='word_1_93' title='bbox 1219 1352 1354 1419; x_wconf 86' lang='lat' dir='ltr'>Versum</span> 
     </span>
     <span class='ocr_line' id='line_1_14' title="bbox 340 1447 1354 1535; baseline -0.005 -21"><span class='ocrx_word' id='word_1_94' title='bbox 340 1447 495 1514; x_wconf 85' lang='lat' dir='ltr'>Dominus</span> <span class='ocrx_word' id='word_1_95' title='bbox 511 1450 687 1530; x_wconf 87' lang='lat' dir='ltr'>vobiscum,</span> <span class='ocrx_word' id='word_1_96' title='bbox 708 1460 781 1514; x_wconf 88' lang='lat' dir='ltr'>ante</span> <span class='ocrx_word' id='word_1_97' title='bbox 798 1450 933 1535; x_wconf 91' lang='lat' dir='ltr'>primam</span> <span class='ocrx_word' id='word_1_98' title='bbox 957 1448 1162 1514; x_wconf 82' lang='lat' dir='ltr'>Orationem:</span> <span class='ocrx_word' id='word_1_99' title='bbox 1188 1469 1209 1510; x_wconf 92' lang='lat' dir='ltr'>a</span> <span class='ocrx_word' id='word_1_100' title='bbox 1223 1447 1354 1510; x_wconf 86' lang='lat' dir='ltr'>eircum-</span> 
     </span>
     <span class='ocr_line' id='line_1_15' title="bbox 343 1541 1352 1630; baseline -0.006 -21"><span class='ocrx_word' id='word_1_101' title='bbox 343 1544 499 1610; x_wconf 89' lang='lat' dir='ltr'>stantibus</span> <span class='ocrx_word' id='word_1_102' title='bbox 509 1555 629 1628; x_wconf 85' lang='lat' dir='ltr'>autem,</span> <span class='ocrx_word' id='word_1_103' title='bbox 640 1565 741 1630; x_wconf 90' lang='lat' dir='ltr'>usque</span> <span class='ocrx_word' id='word_1_104' title='bbox 752 1543 794 1608; x_wconf 91' lang='lat' dir='ltr'>ad</span> <span class='ocrx_word' id='word_1_105' title='bbox 807 1545 945 1612; x_wconf 82' lang='lat' dir='ltr'>Versum</span> <span class='ocrx_word' id='word_1_106' title='bbox 954 1541 1192 1610; x_wconf 86' lang='lat' dir='ltr'>Benedieamus</span> <span class='ocrx_word' id='word_1_107' title='bbox 1205 1543 1352 1622; x_wconf 89' lang='lat' dir='ltr'>Domino,</span> 
     </span>
     <span class='ocr_line' id='line_1_16' title="bbox 344 1640 1169 1725; baseline 0 -21"><span class='ocrx_word' id='word_1_108' title='bbox 344 1649 415 1725; x_wconf 88' lang='lat' dir='ltr'>post</span> <span class='ocrx_word' id='word_1_109' title='bbox 430 1640 576 1704; x_wconf 90' lang='lat' dir='ltr'>ultimam</span> <span class='ocrx_word' id='word_1_110' title='bbox 591 1640 789 1707; x_wconf 87' lang='lat' dir='ltr'>Orationem.</span> <span class='ocrx_word' id='word_1_111' title='bbox 1164 1705 1169 1710; x_wconf 77' lang='grc'>,</span> 
     </span>
    </p>

    <p class='ocr_par' dir='ltr' id='par_1_4' title="bbox 340 1731 1357 2861">
     <span class='ocr_line' id='line_1_17' title="bbox 386 1731 1355 1820; baseline -0.004 -23"><span class='ocrx_word' id='word_1_112' title='bbox 386 1734 419 1798; x_wconf 79' lang='lat' dir='ltr'>b.</span> <span class='ocrx_word' id='word_1_113' title='bbox 436 1736 474 1797; x_wconf 93' lang='lat' dir='ltr'>ln</span> <span class='ocrx_word' id='word_1_114' title='bbox 485 1734 623 1820; x_wconf 83' lang='lat' dir='ltr'>Vigiliis,</span> <span class='ocrx_word' id='word_1_115' title='bbox 636 1737 752 1798; x_wconf 88' lang='lat' dir='ltr'>Preces</span> <span class='ocrx_word' id='word_1_116' title='bbox 766 1734 906 1798; x_wconf 82' lang='lat' dir='ltr'>Feriales</span> <span class='ocrx_word' id='word_1_117' title='bbox 923 1731 1074 1798; x_wconf 91' lang='lat' dir='ltr'>dicuntur</span> <span class='ocrx_word' id='word_1_118' title='bbox 1091 1743 1218 1797; x_wconf 89' lang='lat' dir='ltr'>tantum</span> <span class='ocrx_word' id='word_1_119' title='bbox 1235 1731 1279 1796; x_wconf 88' lang='lat' dir='ltr'>ad</span> <span class='ocrx_word' id='word_1_120' title='bbox 1293 1731 1355 1794; x_wconf 89' lang='lat' dir='ltr'>Ma-</span> 
     </span>
     <span class='ocr_line' id='line_1_18' title="bbox 342 1827 1354 1914; baseline -0.006 -20"><span class='ocrx_word' id='word_1_121' title='bbox 342 1829 494 1910; x_wconf 90' lang='lat' dir='ltr'>tutinum,</span> <span class='ocrx_word' id='word_1_122' title='bbox 511 1839 543 1892; x_wconf 90' lang='lat' dir='ltr'>et</span> <span class='ocrx_word' id='word_1_123' title='bbox 558 1850 616 1914; x_wconf 89' lang='lat' dir='ltr'>per</span> <span class='ocrx_word' id='word_1_124' title='bbox 631 1829 753 1893; x_wconf 89' lang='lat' dir='ltr'>Horas:</span> <span class='ocrx_word' id='word_1_125' title='bbox 778 1827 819 1891; x_wconf 91' lang='lat' dir='ltr'>ad</span> <span class='ocrx_word' id='word_1_126' title='bbox 835 1828 992 1913; x_wconf 87' lang='lat' dir='ltr'>Vesperas</span> <span class='ocrx_word' id='word_1_127' title='bbox 1008 1849 1085 1894; x_wconf 89' lang='lat' dir='ltr'>vero</span> <span class='ocrx_word' id='word_1_128' title='bbox 1101 1837 1278 1913; x_wconf 89' lang='lat' dir='ltr'>sequentes</span> <span class='ocrx_word' id='word_1_129' title='bbox 1295 1847 1354 1889; x_wconf 92' lang='lat' dir='ltr'>non</span> 
     </span>
     <span class='ocr_line' id='line_1_19' title="bbox 343 1921 1354 2008; baseline -0.004 -22"><span class='ocrx_word' id='word_1_130' title='bbox 343 1922 505 2005; x_wconf 88' lang='lat' dir='ltr'>dicuntur,</span> <span class='ocrx_word' id='word_1_131' title='bbox 523 1924 599 2008; x_wconf 87' lang='lat' dir='ltr'>quia</span> <span class='ocrx_word' id='word_1_132' title='bbox 614 1922 689 1988; x_wconf 88' lang='lat' dir='ltr'>inde</span> <span class='ocrx_word' id='word_1_133' title='bbox 704 1922 740 1987; x_wconf 85' lang='lat' dir='ltr'>fit</span> <span class='ocrx_word' id='word_1_134' title='bbox 753 1921 794 1986; x_wconf 91' lang='lat' dir='ltr'>de</span> <span class='ocrx_word' id='word_1_135' title='bbox 810 1924 915 1986; x_wconf 86' lang='lat' dir='ltr'>Festo.</span> <span class='ocrx_word' id='word_1_136' title='bbox 940 1921 1036 2003; x_wconf 79' lang='lat' dir='ltr'>Quod</span> <span class='ocrx_word' id='word_1_137' title='bbox 1057 1923 1082 1985; x_wconf 89' lang='lat' dir='ltr'>si</span> <span class='ocrx_word' id='word_1_138' title='bbox 1106 1933 1178 2006; x_wconf 90' lang='lat' dir='ltr'>post</span> <span class='ocrx_word' id='word_1_139' title='bbox 1201 1921 1354 2006; x_wconf 91' lang='lat' dir='ltr'>Vigiliam</span> 
     </span>
     <span class='ocr_line' id='line_1_20' title="bbox 345 2014 1355 2103; baseline -0.006 -21"><span class='ocrx_word' id='word_1_140' title='bbox 345 2017 452 2082; x_wconf 87' lang='lat' dir='ltr'>Sancti</span> <span class='ocrx_word' id='word_1_141' title='bbox 468 2017 594 2081; x_wconf 78' lang='lat' dir='ltr'>Mathia:</span> <span class='ocrx_word' id='word_1_142' title='bbox 617 2028 770 2103; x_wconf 86' lang='lat' dir='ltr'>sequatur</span> <span class='ocrx_word' id='word_1_143' title='bbox 791 2017 913 2101; x_wconf 89' lang='lat' dir='ltr'>primus</span> <span class='ocrx_word' id='word_1_144' title='bbox 936 2015 1005 2080; x_wconf 91' lang='lat' dir='ltr'>dies</span> <span class='ocrx_word' id='word_1_145' title='bbox 1021 2014 1300 2101; x_wconf 83' lang='lat' dir='ltr'>Quadragesimae,</span> <span class='ocrx_word' id='word_1_146' title='bbox 1327 2015 1355 2076; x_wconf 92' lang='lat' dir='ltr'>in</span> 
     </span>
     <span class='ocr_line' id='line_1_21' title="bbox 340 2108 1356 2197; baseline -0.008 -19"><span class='ocrx_word' id='word_1_147' title='bbox 340 2111 490 2196; x_wconf 86' lang='lat' dir='ltr'>Vesperis</span> <span class='ocrx_word' id='word_1_148' title='bbox 506 2109 659 2176; x_wconf 88' lang='lat' dir='ltr'>dicuntur</span> <span class='ocrx_word' id='word_1_149' title='bbox 672 2114 788 2176; x_wconf 87' lang='lat' dir='ltr'>Preces</span> <span class='ocrx_word' id='word_1_150' title='bbox 804 2111 956 2189; x_wconf 88' lang='lat' dir='ltr'>Feriales,</span> <span class='ocrx_word' id='word_1_151' title='bbox 984 2111 1130 2197; x_wconf 89' lang='lat' dir='ltr'>quamvis</span> <span class='ocrx_word' id='word_1_152' title='bbox 1153 2108 1298 2174; x_wconf 89' lang='lat' dir='ltr'>dicenda</span> <span class='ocrx_word' id='word_1_153' title='bbox 1320 2110 1356 2171; x_wconf 90' lang='lat' dir='ltr'>sit</span> 
     </span>
     <span class='ocr_line' id='line_1_22' title="bbox 342 2203 1355 2291; baseline -0.007 -19"><span class='ocrx_word' id='word_1_154' title='bbox 342 2206 451 2272; x_wconf 87' lang='lat' dir='ltr'>Oratio</span> <span class='ocrx_word' id='word_1_155' title='bbox 479 2205 656 2271; x_wconf 82' lang='lat' dir='ltr'>Dominicae</span> <span class='ocrx_word' id='word_1_156' title='bbox 691 2205 913 2291; x_wconf 88' lang='lat' dir='ltr'>praecedentis,</span> <span class='ocrx_word' id='word_1_157' title='bbox 942 2217 973 2270; x_wconf 91' lang='lat' dir='ltr'>et</span> <span class='ocrx_word' id='word_1_158' title='bbox 998 2229 1062 2270; x_wconf 91' lang='lat' dir='ltr'>non</span> <span class='ocrx_word' id='word_1_159' title='bbox 1093 2205 1235 2290; x_wconf 84' lang='lat' dir='ltr'>Vigiliae.</span> <span class='ocrx_word' id='word_1_160' title='bbox 1263 2203 1355 2285; x_wconf 84' lang='lat' dir='ltr'>Quod</span> 
     </span>
     <span class='ocr_line' id='line_1_23' title="bbox 341 2299 1355 2389; baseline -0.003 -25"><span class='ocrx_word' id='word_1_161' title='bbox 341 2306 438 2366; x_wconf 90' lang='lat' dir='ltr'>etiam</span> <span class='ocrx_word' id='word_1_162' title='bbox 453 2312 600 2366; x_wconf 88' lang='lat' dir='ltr'>servatur</span> <span class='ocrx_word' id='word_1_163' title='bbox 619 2300 748 2389; x_wconf 89' lang='lat' dir='ltr'>quando</span> <span class='ocrx_word' id='word_1_164' title='bbox 769 2302 802 2364; x_wconf 93' lang='lat' dir='ltr'>in</span> <span class='ocrx_word' id='word_1_165' title='bbox 820 2302 911 2366; x_wconf 84' lang='lat' dir='ltr'>Peria</span> <span class='ocrx_word' id='word_1_166' title='bbox 929 2303 985 2381; x_wconf 88' lang='lat' dir='ltr'>Vl,</span> <span class='ocrx_word' id='word_1_167' title='bbox 1003 2313 1034 2364; x_wconf 89' lang='lat' dir='ltr'>et</span> <span class='ocrx_word' id='word_1_168' title='bbox 1050 2301 1189 2364; x_wconf 90' lang='lat' dir='ltr'>Sabbato</span> <span class='ocrx_word' id='word_1_169' title='bbox 1207 2299 1355 2380; x_wconf 84' lang='lat' dir='ltr'>Quatuor</span> 
     </span>
     <span class='ocr_line' id='line_1_24' title="bbox 340 2394 1357 2480; baseline -0.004 -21"><span class='ocrx_word' id='word_1_170' title='bbox 340 2396 533 2480; x_wconf 89' lang='lat' dir='ltr'>Temporum</span> <span class='ocrx_word' id='word_1_171' title='bbox 549 2396 758 2479; x_wconf 86' lang='lat' dir='ltr'>Septembris,</span> <span class='ocrx_word' id='word_1_172' title='bbox 775 2396 811 2460; x_wconf 91' lang='lat' dir='ltr'>fit</span> <span class='ocrx_word' id='word_1_173' title='bbox 824 2395 973 2460; x_wconf 90' lang='lat' dir='ltr'>Officium</span> <span class='ocrx_word' id='word_1_174' title='bbox 989 2394 1029 2460; x_wconf 91' lang='lat' dir='ltr'>de</span> <span class='ocrx_word' id='word_1_175' title='bbox 1045 2396 1148 2477; x_wconf 87' lang='lat' dir='ltr'>Feria,</span> <span class='ocrx_word' id='word_1_176' title='bbox 1166 2415 1244 2467; x_wconf 87' lang='lat' dir='ltr'>cum</span> <span class='ocrx_word' id='word_1_177' title='bbox 1261 2394 1294 2456; x_wconf 93' lang='lat' dir='ltr'>in</span> <span class='ocrx_word' id='word_1_178' title='bbox 1314 2394 1357 2455; x_wconf 93' lang='lat' dir='ltr'>cis</span> 
     </span>
     <span class='ocr_line' id='line_1_25' title="bbox 340 2489 1356 2556; baseline -0.002 -4"><span class='ocrx_word' id='word_1_179' title='bbox 340 2513 405 2554; x_wconf 94' lang='lat' dir='ltr'>non</span> <span class='ocrx_word' id='word_1_180' title='bbox 422 2502 568 2556; x_wconf 90' lang='lat' dir='ltr'>occurrat</span> <span class='ocrx_word' id='word_1_181' title='bbox 587 2493 715 2556; x_wconf 86' lang='lat' dir='ltr'>Festum</span> <span class='ocrx_word' id='word_1_182' title='bbox 742 2512 858 2554; x_wconf 88' lang='lat' dir='ltr'>novem</span> <span class='ocrx_word' id='word_1_183' title='bbox 881 2491 1090 2555; x_wconf 84' lang='lat' dir='ltr'>Lectionum:</span> <span class='ocrx_word' id='word_1_184' title='bbox 1111 2500 1187 2553; x_wconf 88' lang='lat' dir='ltr'>tunc</span> <span class='ocrx_word' id='word_1_185' title='bbox 1212 2489 1304 2552; x_wconf 86' lang='lat' dir='ltr'>enim</span> <span class='ocrx_word' id='word_1_186' title='bbox 1327 2489 1356 2551; x_wconf 90' lang='lat' dir='ltr'>in</span> 
     </span>
     <span class='ocr_line' id='line_1_26' title="bbox 341 2582 1357 2672; baseline -0.007 -20"><span class='ocrx_word' id='word_1_187' title='bbox 341 2586 492 2671; x_wconf 88' lang='lat' dir='ltr'>Vesperis</span> <span class='ocrx_word' id='word_1_188' title='bbox 507 2588 607 2652; x_wconf 81' lang='lat' dir='ltr'>Feriae</span> <span class='ocrx_word' id='word_1_189' title='bbox 619 2588 664 2655; x_wconf 92' lang='lat' dir='ltr'>VI</span> <span class='ocrx_word' id='word_1_190' title='bbox 679 2585 830 2650; x_wconf 89' lang='lat' dir='ltr'>dicuntur</span> <span class='ocrx_word' id='word_1_191' title='bbox 848 2583 976 2670; x_wconf 85' lang='lat' dir='ltr'>Preces,</span> <span class='ocrx_word' id='word_1_192' title='bbox 994 2585 1140 2672; x_wconf 89' lang='lat' dir='ltr'>quamvis</span> <span class='ocrx_word' id='word_1_193' title='bbox 1154 2582 1298 2648; x_wconf 86' lang='lat' dir='ltr'>dicende</span> <span class='ocrx_word' id='word_1_194' title='bbox 1320 2584 1357 2646; x_wconf 92' lang='lat' dir='ltr'>sit</span> 
     </span>
     <span class='ocr_line' id='line_1_27' title="bbox 340 2679 1357 2767; baseline -0.005 -23"><span class='ocrx_word' id='word_1_195' title='bbox 340 2680 447 2745; x_wconf 91' lang='lat' dir='ltr'>Oratio</span> <span class='ocrx_word' id='word_1_196' title='bbox 464 2682 639 2746; x_wconf 84' lang='lat' dir='ltr'>Dominicae</span> <span class='ocrx_word' id='word_1_197' title='bbox 653 2680 873 2767; x_wconf 73' lang='lat' dir='ltr'>precedentis,</span> <span class='ocrx_word' id='word_1_198' title='bbox 891 2702 955 2743; x_wconf 92' lang='lat' dir='ltr'>non</span> <span class='ocrx_word' id='word_1_199' title='bbox 970 2691 1079 2744; x_wconf 87' lang='lat' dir='ltr'>autem</span> <span class='ocrx_word' id='word_1_200' title='bbox 1093 2679 1192 2743; x_wconf 85' lang='lat' dir='ltr'>Feriae</span> <span class='ocrx_word' id='word_1_201' title='bbox 1208 2679 1357 2760; x_wconf 81' lang='lat' dir='ltr'>Quatuor</span> 
     </span>
     <span class='ocr_line' id='line_1_28' title="bbox 340 2777 546 2861; baseline 0.005 -21"><span class='ocrx_word' id='word_1_202' title='bbox 340 2777 546 2861; x_wconf 89' lang='lat' dir='ltr'>Temporum.</span> 
     </span>
    </p>

    <p class='ocr_par' dir='ltr' id='par_1_5' title="bbox 341 2865 1356 3240">
     <span class='ocr_line' id='line_1_29' title="bbox 385 2865 1356 2953; baseline -0.005 -19"><span class='ocrx_word' id='word_1_203' title='bbox 385 2872 416 2936; x_wconf 88' lang='lat'>6.</span> <span class='ocrx_word' id='word_1_204' title='bbox 443 2873 587 2938; x_wconf 88' lang='lat' dir='ltr'>Psalmus</span> <span class='ocrx_word' id='word_1_205' title='bbox 600 2871 762 2953; x_wconf 90' lang='lat' dir='ltr'>Miserere,</span> <span class='ocrx_word' id='word_1_206' title='bbox 783 2867 902 2936; x_wconf 89' lang='lat' dir='ltr'>dieitur</span> <span class='ocrx_word' id='word_1_207' title='bbox 917 2893 990 2936; x_wconf 90' lang='lat' dir='ltr'>cum</span> <span class='ocrx_word' id='word_1_208' title='bbox 1008 2868 1161 2934; x_wconf 91' lang='lat' dir='ltr'>Precibus</span> <span class='ocrx_word' id='word_1_209' title='bbox 1177 2865 1220 2931; x_wconf 93' lang='lat' dir='ltr'>ad</span> <span class='ocrx_word' id='word_1_210' title='bbox 1231 2867 1356 2951; x_wconf 87' lang='lat' dir='ltr'>Vespe-</span> 
     </span>
     <span class='ocr_line' id='line_1_30' title="bbox 342 2959 1356 3050; baseline -0.003 -23"><span class='ocrx_word' id='word_1_211' title='bbox 342 2986 394 3028; x_wconf 88' lang='lat' dir='ltr'>ras</span> <span class='ocrx_word' id='word_1_212' title='bbox 409 2975 544 3049; x_wconf 90' lang='lat' dir='ltr'>tantum,</span> <span class='ocrx_word' id='word_1_213' title='bbox 559 2976 591 3030; x_wconf 92' lang='lat' dir='ltr'>et</span> <span class='ocrx_word' id='word_1_214' title='bbox 604 2967 748 3030; x_wconf 88' lang='lat' dir='ltr'>Psalmus</span> <span class='ocrx_word' id='word_1_215' title='bbox 759 2965 805 3028; x_wconf 89' lang='lat' dir='ltr'>De</span> <span class='ocrx_word' id='word_1_216' title='bbox 819 2963 998 3050; x_wconf 83' lang='lat' dir='ltr'>profundis,</span> <span class='ocrx_word' id='word_1_217' title='bbox 1013 2961 1054 3026; x_wconf 90' lang='lat' dir='ltr'>ad</span> <span class='ocrx_word' id='word_1_218' title='bbox 1065 2959 1205 3026; x_wconf 91' lang='lat' dir='ltr'>Laudes.</span> <span class='ocrx_word' id='word_1_219' title='bbox 1222 2963 1262 3024; x_wconf 91' lang='lat' dir='ltr'>In</span> <span class='ocrx_word' id='word_1_220' title='bbox 1278 2962 1356 3026; x_wconf 91' lang='lat' dir='ltr'>Offi-</span> 
     </span>
     <span class='ocr_line' id='line_1_31' title="bbox 343 3053 1356 3144; baseline -0.006 -20"><span class='ocrx_word' id='word_1_221' title='bbox 343 3059 391 3124; x_wconf 88' lang='lat' dir='ltr'>cio</span> <span class='ocrx_word' id='word_1_222' title='bbox 407 3061 637 3125; x_wconf 91' lang='lat' dir='ltr'>Defunctorum</span> <span class='ocrx_word' id='word_1_223' title='bbox 653 3059 804 3124; x_wconf 89' lang='lat' dir='ltr'>dicuntur</span> <span class='ocrx_word' id='word_1_224' title='bbox 816 3061 944 3139; x_wconf 87' lang='lat' dir='ltr'>Psalmi,</span> <span class='ocrx_word' id='word_1_225' title='bbox 970 3057 1074 3144; x_wconf 90' lang='lat' dir='ltr'>quiin</span> <span class='ocrx_word' id='word_1_226' title='bbox 1094 3076 1132 3120; x_wconf 89' lang='lat' dir='ltr'>eo</span> <span class='ocrx_word' id='word_1_227' title='bbox 1144 3053 1259 3122; x_wconf 89' lang='lat' dir='ltr'>Officio</span> <span class='ocrx_word' id='word_1_228' title='bbox 1276 3055 1356 3120; x_wconf 87' lang='lat' dir='ltr'>desi·</span> 
     </span>
     <span class='ocr_line' id='line_1_32' title="bbox 341 3165 491 3240; baseline 0.007 -23"><span class='ocrx_word' id='word_1_229' title='bbox 341 3165 491 3240; x_wconf 85' lang='lat' dir='ltr'>guantur.</span> 
     </span>
    </p>
   </div>
   <div class='ocr_carea' id='block_1_3' title="bbox 341 3419 1354 3641">
    <p class='ocr_par' dir='ltr' id='par_1_6' title="bbox 341 3419 1354 3641">
     <span class='ocr_line' id='line_1_33' title="bbox 341 3419 1354 3506; baseline -0.004 -9"><span class='ocrx_word' id='word_1_230' title='bbox 341 3419 511 3497; x_wconf 79' lang='lat' dir='ltr'>XXXV.</span> <span class='ocrx_word' id='word_1_231' title='bbox 548 3422 604 3495; x_wconf 87' lang='lat' dir='ltr'>De</span> <span class='ocrx_word' id='word_1_232' title='bbox 636 3421 1051 3496; x_wconf 77' lang='lat' dir='ltr'>Corrtntemoruttorrtbus</span> <span class='ocrx_word' id='word_1_233' title='bbox 1082 3423 1354 3506; x_wconf 64' lang='lat' dir='ltr'>veneratoribus</span> 
     </span>
     <span class='ocr_line' id='line_1_34' title="bbox 583 3543 1109 3641; baseline -0.002 -23"><span class='ocrx_word' id='word_1_234' title='bbox 583 3565 646 3620; x_wconf 85' lang='lat' dir='ltr'>seu</span> <span class='ocrx_word' id='word_1_235' title='bbox 662 3543 862 3641; x_wconf 74' lang='lat' dir='ltr'>Suffruptts</span> <span class='ocrx_word' id='word_1_236' title='bbox 878 3544 1109 3619; x_wconf 79' lang='lat' dir='ltr'>Sanctorum.</span> 
     </span>
    </p>
   </div>
   <div class='ocr_carea' id='block_1_4' title="bbox 343 3821 1358 4191">
    <p class='ocr_par' dir='ltr' id='par_1_7' title="bbox 343 3821 1358 4191">
     <span class='ocr_line' id='line_1_35' title="bbox 385 3821 1358 3909; baseline 0.003 -25"><span class='ocrx_word' id='word_1_237' title='bbox 385 3823 418 3884; x_wconf 90' lang='lat' dir='ltr'>l.</span> <span class='ocrx_word' id='word_1_238' title='bbox 443 3821 766 3887; x_wconf 83' lang='lat' dir='ltr'>Commemorationes</span> <span class='ocrx_word' id='word_1_239' title='bbox 800 3843 1007 3903; x_wconf 75' lang='lat' dir='ltr'>summense,</span> <span class='ocrx_word' id='word_1_240' title='bbox 1035 3843 1092 3886; x_wconf 89' lang='lat' dir='ltr'>seu</span> <span class='ocrx_word' id='word_1_241' title='bbox 1124 3821 1288 3909; x_wconf 87' lang='lat' dir='ltr'>Suffragia</span> <span class='ocrx_word' id='word_1_242' title='bbox 1319 3825 1358 3887; x_wconf 92' lang='lat' dir='ltr'>de</span> 
     </span>
     <span class='ocr_line' id='line_1_36' title="bbox 343 3915 1356 4002; baseline 0.002 -24"><span class='ocrx_word' id='word_1_243' title='bbox 343 3915 477 3997; x_wconf 85' lang='lat' dir='ltr'>Sanctis,</span> <span class='ocrx_word' id='word_1_244' title='bbox 496 3936 565 4000; x_wconf 83' lang='lat' dir='ltr'>quae</span> <span class='ocrx_word' id='word_1_245' title='bbox 578 3917 737 3981; x_wconf 91' lang='lat' dir='ltr'>habentur</span> <span class='ocrx_word' id='word_1_246' title='bbox 751 3915 942 3982; x_wconf 88' lang='lat' dir='ltr'>inPsalterio</span> <span class='ocrx_word' id='word_1_247' title='bbox 957 3927 1029 4002; x_wconf 88' lang='lat' dir='ltr'>post</span> <span class='ocrx_word' id='word_1_248' title='bbox 1038 3916 1197 4002; x_wconf 90' lang='lat' dir='ltr'>Vesperas</span> <span class='ocrx_word' id='word_1_249' title='bbox 1209 3917 1356 3996; x_wconf 84' lang='lat' dir='ltr'>Sabbati,</span> 
     </span>
     <span class='ocr_line' id='line_1_37' title="bbox 343 4008 1358 4098; baseline 0.002 -26"><span class='ocrx_word' id='word_1_250' title='bbox 343 4008 494 4072; x_wconf 87' lang='lat' dir='ltr'>dicuntur</span> <span class='ocrx_word' id='word_1_251' title='bbox 510 4009 543 4072; x_wconf 91' lang='lat' dir='ltr'>in</span> <span class='ocrx_word' id='word_1_252' title='bbox 558 4009 620 4074; x_wconf 88' lang='lat' dir='ltr'>line</span> <span class='ocrx_word' id='word_1_253' title='bbox 635 4012 861 4097; x_wconf 83' lang='lat' dir='ltr'>Vesperarum,</span> <span class='ocrx_word' id='word_1_254' title='bbox 874 4022 906 4075; x_wconf 89' lang='lat' dir='ltr'>et</span> <span class='ocrx_word' id='word_1_255' title='bbox 920 4010 1078 4092; x_wconf 81' lang='lat' dir='ltr'>laudum,</span> <span class='ocrx_word' id='word_1_256' title='bbox 1093 4012 1134 4075; x_wconf 92' lang='lat' dir='ltr'>ab</span> <span class='ocrx_word' id='word_1_257' title='bbox 1147 4013 1269 4077; x_wconf 89' lang='lat' dir='ltr'>Octava</span> <span class='ocrx_word' id='word_1_258' title='bbox 1282 4014 1358 4098; x_wconf 91' lang='lat' dir='ltr'>Epi-</span> 
     </span>
     <span class='ocr_line' id='line_1_38' title="bbox 347 4102 1358 4191; baseline 0.001 -22"><span class='ocrx_word' id='word_1_259' title='bbox 347 4103 471 4190; x_wconf 88' lang='lat' dir='ltr'>phaniae</span> <span class='ocrx_word' id='word_1_260' title='bbox 498 4102 655 4191; x_wconf 86' lang='lat' dir='ltr'>usquead</span> <span class='ocrx_word' id='word_1_261' title='bbox 677 4105 875 4170; x_wconf 89' lang='lat' dir='ltr'>Dominicam</span> <span class='ocrx_word' id='word_1_262' title='bbox 896 4105 1056 4169; x_wconf 88' lang='lat' dir='ltr'>Passionis</span> <span class='ocrx_word' id='word_1_263' title='bbox 1072 4107 1248 4190; x_wconf 86' lang='lat' dir='ltr'>exclusive,</span> <span class='ocrx_word' id='word_1_264' title='bbox 1271 4118 1305 4172; x_wconf 89' lang='lat' dir='ltr'>et</span> <span class='ocrx_word' id='word_1_265' title='bbox 1318 4107 1358 4170; x_wconf 89' lang='lat' dir='ltr'>ab</span> 
     </span>
    </p>
   </div>
   <div class='ocr_carea' id='block_1_5' title="bbox 0 0 1382 4738">
    <p class='ocr_par' dir='ltr' id='par_1_8' title="bbox 0 0 1382 4738">
     <span class='ocr_line' id='line_1_39' title="bbox 0 0 1382 4738; baseline 0 0"><span class='ocrx_word' id='word_1_266' title='bbox 0 0 1382 4738; x_wconf 95' lang='lat' dir='ltr'> </span> 
     </span>
    </p>
   </div>
  </div>
 </body>
</html>
