2750 4738
394 268 568 312 cernuatus
585 269 732 312 ursanus.
1007 249 1068 311 157

66 370 205 437 dicuntur
219 370 291 438 duaa
303 374 416 447 Missae,
440 392 503 434 una
522 368 563 434 dc
578 372 683 453 Festo,
701 373 762 436 alia
779 369 819 434 do
836 373 939 453 Furia,
958 373 1068 458 Roga·

66 468 194 532 tionibus
210 479 241 532 ct
253 469 383 555 Vigilia,
401 466 522 553 absque
548 467 614 530 ulla
629 476 839 554 utrorumque
865 467 1067 532 Commemo-

66 563 193 626 ratione:
209 562 241 626 in
261 563 362 626 Fastis
379 571 484 626 tamon
501 560 677 647 majoribus
692 564 802 648 primae
817 563 925 628 classis
940 562 1019 626 nihil
1034 559 1069 625 lit

65 654 100 719 dc
111 656 224 742 Vigilia
236 665 436 732 oecurrente,
450 664 486 720 ut
501 652 623 719 dictum
636 665 684 719 cst
695 675 803 741 supra.

102 751 131 814 5.
154 747 291 833 Quando
307 751 389 814 inira
402 746 647 814 Hebdomadam
659 746 811 815 dicuutur
823 751 924 814 Missae
936 751 1065 828 votivae,

66 855 127 929 post
157 845 294 930 primam
326 844 512 909 Orationem
544 865 672 932 semper
701 844 827 910 dicatur
854 845 965 910 Oratio
998 844 1067 930 rjus

65 939 100 1003 dc
111 961 174 1098 prro
196 941 231 1005 lit
253 940 413 1021 Officium,
442 949 588 1026 utsupra
612 941 806 1027 explicatum
822 940 915 1005 estin
940 940 1066 1026 propria

92 1051 208 1098 urica.

65 1036 141 1192 Rls
156 1127 293 1212 Quando
309 1130 344 1193 lit
359 1107 628 1195 commemoratio
645 1127 686 1192 dc
705 1131 796 1194 Furia
813 1129 959 1212 Quatucr
973 1129 1068 1192 Tom-

67 1245 180 1306 porum,
193 1245 253 1309 pro
265 1223 365 1287 Ferioe
378 1223 687 1288 Commemoratione
702 1221 820 1288 dicitur
832 1222 933 1308 prima
944 1223 1066 1302 Oratio,

66 1339 127 1404 que
140 1316 314 1383 concordat
329 1341 401 1385 cum
416 1319 541 1384 Officio.

102 1412 131 1475 5.
154 1413 190 1476 Iu
213 1411 368 1478 iaciendis
391 1414 755 1484 commemorationibus
772 1422 919 1478 servetur
937 1378 1016 1475 ordo
1032 1422 1068 1476 ut

66 1507 92 1568 iu
103 1507 276 1571 Breviario.
289 1508 336 1570 De
351 1508 529 1586 Dominica,
548 1518 622 1573 anta
637 1509 723 1572 diem
738 1508 822 1572 inira
836 1508 1009 1572 Octavam.
1026 1505 1066 1570 dc

64 1598 108 1662 die
123 1601 202 1665 inira
218 1601 383 1685 Octavam,
402 1613 475 1669 autc
488 1605 597 1668 Ferias
611 1601 797 1691 praedictas:
815 1602 972 1666 dc'Fcriis
985 1622 1066 1688 prra-

65 1691 158 1772 dictis,
177 1705 251 1760 ante
267 1697 396 1761 Festum
413 1697 585 1783 Simplex:
616 1695 657 1761 dc
687 1698 781 1762 Festo
810 1696 966 1782 Simplici,
994 1707 1066 1762 ante

65 1788 221 1853 Orationes
235 1812 307 1877 quae
330 1791 470 1856 secundo
483 1793 534 1857 vel
551 1792 644 1857 tertio
659 1793 729 1856 loco
742 1787 886 1855 diceudae
901 1789 1066 1876 assignan-

66 1892 120 1964 tur,
144 1893 175 1947 ct
196 1884 245 1948 hae
268 1883 417 1950 dicantur
441 1896 514 1950 aute
538 1887 706 1952 Orationes
733 1885 870 1952 votivas:
893 1884 926 1946 in
949 1883 1067 1970 ¹quibus

68 1979 170 2043 votivis
188 1991 335 2044 servetur
348 1979 466 2044 deiude
480 1979 620 2068 dignitas
634 1981 835 2057 Orationum,
852 1988 889 2042 nt
905 1975 945 2041 dc
972 1976 1066 2042 Sanc-

67 2070 174 2136 tissima
184 2072 350 2154 Trinitate,
365 2071 406 2138 dc
418 2075 540 2160 Spiritu
563 2077 691 2152 Sancto,
715 2073 756 2138 dc
771 2074 828 2138 SS.
847 2073 1064 2156 Sacramento,

67 2162 100 2227 dc
111 2167 143 2230 S.
162 2167 276 2247 Crucc,
293 2178 366 2232 aute
379 2170 521 2236 votivam
538 2167 579 2234 dc
595 2172 634 2236 B.
658 2171 769 2251 Maria,
795 2177 827 2231 ct
852 2166 893 2230 de
920 2166 1063 2254 Angelis,

67 2268 93 2321 ct
115 2261 147 2324 S.
175 2263 298 2327 Joanne
321 2263 475 2348 Baptista,
501 2275 575 2329 autc
602 2264 782 2350 Apostolos,
808 2273 840 2327 et
862 2262 1007 2327 similiter
1030 2263 1063 2326 in

67 2354 138 2419 aliis.

104 2450 133 2512 6.
158 2452 190 2516 Si
208 2451 353 2516 scienda
374 2455 415 2517 sit
431 2453 699 2518 Commemoratio
717 2475 773 2539 pro
788 2451 964 2530 Dclnuctis,
982 2471 1067 2514 scm-

68 2565 117 2625 pcr
130 2549 256 2630 pouitnr
271 2549 449 2632 penultimo
464 2551 546 2632 loco.
574 2551 609 2612 In
626 2548 727 2614 Missis
757 2559 864 2614 antem
893 2547 1066 2609 Defuncto·

69 2659 130 2702 rum
147 2644 232 2706 nulla
248 2643 283 2706 fit
307 2642 574 2709 Commemoratio
604 2667 662 2730 pro
684 2646 779 2726 vivis,
808 2642 931 2709 etiamsi
957 2641 1077 2706 Oratio.

71 2747 143 2801 ruet
156 2741 334 2803 communis
345 2761 404 2824 pro
416 2742 498 2806 viris
510 2751 541 2804 et
552 2742 728 2805 Defunctis.

107 2830 137 2894 7.
151 2830 288 2914 Quando
303 2832 453 2899 dicuntur
468 2837 575 2919 plures
590 2835 769 2912 Orationes,
786 2835 889 2919 prima
901 2841 1022 2896 tantum
1035 2841 1067 2894 ct

71 2923 169 2992 ultima
180 2949 254 2991 eum
266 2949 322 2991 sna
338 2929 540 2992 conclusione
553 2929 782 2994 terminantur·
803 2937 918 2992 etanta
931 2926 1066 3034 primam

72 3028 99 3081 ct
114 3020 283 3086 secundam
299 3023 483 3088 Orationem
497 3033 617 3088 tantum
634 3021 751 3088 dicitur
764 3022 907 3103 Oramus,
921 3030 993 3084 autc
1006 3019 1067 3105 pri-

72 3131 147 3177 mam
161 3113 278 3180 dicitur
293 3117 389 3181 etiam
406 3119 557 3182 Dominus
572 3118 737 3182 vobiscum.

109 3208 139 3272 8.
161 3209 238 3274 Cum
255 3233 333 3276 vero
356 3211 507 3277 dicuutur
522 3215 629 3298 plures
642 3213 853 3295 Orationes,e
835 3223 945 3276 etuua
957 3208 1068 3275 Oratio

73 3300 174 3368 cadem
188 3306 226 3368 sit
241 3327 315 3370 cum
334 3308 395 3370 alia
423 3295 545 3372 ibidem
567 3305 715 3390 dicenda,
737 3307 846 3371 Oratio
869 3302 1065 3391 hujusmodi,

73 3394 119 3460 illa
144 3400 262 3464 scilicet
293 3422 364 3488 quar
401 3402 515 3467 eadam
551 3413 609 3481 cst,
637 3424 699 3466 nou
736 3403 817 3483 aliae,
854 3409 1069 3466 commutetur

74 3511 137 3554 cum
166 3495 223 3558 alia
246 3492 288 3558 de
317 3495 496 3579 Communi,
518 3498 570 3562 vel
593 3498 740 3583 Proprio,
771 3516 841 3583 quae
863 3495 903 3560 sit
928 3491 1066 3558 diversa.

75 3583 154 3693 Idem
168 3601 312 3658 servetur
326 3593 358 3656 iu
374 3595 523 3676 Sccrctis,
541 3604 573 3659 et
588 3592 793 3658 Orationibus
824 3601 894 3678 post
919 3589 1068 3654 Commu-

75 3699 202 3747 otonem.
