2764 4742
506 221 697 263 constrictu.
1100 205 1124 270 5

98 327 232 411 ¹pecatis,
252 326 478 411 nonnullisque
505 323 536 386 in
554 322 641 386 Urbe
671 320 795 386 idoneis
821 323 898 387 viris
915 323 955 388 ad
972 347 1044 390 cnm
1061 349 1122 392 uu-

108 441 222 484 merum
240 420 412 508 adjunctis,
430 441 498 482 rem
526 416 754 503 perficiendam
782 420 918 484 curavit.
935 421 1056 488 Verum
1082 446 1120 488 eo

108 517 194 578 etiam
210 518 297 580 viam
313 516 471 580 universae
487 513 591 577 earnis
609 513 763 598 ingresso,
781 513 855 596 Nos,
874 515 916 578 ita
929 514 1038 580 divina
1054 517 1120 582 dis-

106 620 236 693 ponente
251 609 434 685 clcmentia,
448 609 522 672 licet
538 607 710 684 immerito,
725 603 765 669 ad
777 604 981 691 Apostolatus
995 611 1119 695 apicem

33 779 35 782 ¹
107 707 354 791 assumpti‚enm
385 725 510 766 sacrum
526 721 617 786 opus,
635 699 788 764 adhibitis
816 703 912 766 etiam
944 703 985 768 ad
1002 704 1034 768 id
1050 708 1120 771 aliis

32 786 34 862 l
107 801 207 883 peritis
224 801 313 878 viris,
333 798 471 862 maxime
487 817 689 882 urgeremus,
702 817 819 882 magna
835 797 866 860 in
879 819 936 861 nos
952 801 1010 862 Dei
1026 799 1118 865 beni-

107 895 219 979 gnitate
238 895 296 978 (sic
313 894 399 956 enirn
416 890 604 976 accipimus)
628 892 810 954 Romanum
837 891 899 955 boc
915 893 1117 961 Breviarium

107 987 238 1052 vidimus
262 989 455 1052 absolutum.
476 985 574 1071 Cujus
600 986 723 1048 ratione
740 982 967 1070 dispositionis,
996 991 1119 1056 abillis

107 1083 173 1166 ipsis
183 1109 192 1166 ;
212 1085 269 1170 qui
285 1085 413 1168 negotio
430 1081 589 1166 praepositi
605 1080 745 1155 fuerant,
775 1101 837 1143 non
865 1084 963 1145 semel
979 1087 1117 1170 cognita,

106 1201 170 1242 eum
196 1180 449 1264 intelligeremus
475 1198 529 1240 eos
556 1177 587 1238 in
617 1176 664 1238 rei
692 1176 891 1239 confectione
914 1177 955 1240 ab
980 1181 1118 1266 antiquis

106 1274 271 1340 Breviariis
298 1273 454 1337 nobilium
470 1271 565 1335 Urbis
584 1272 811 1351 Ecclesiarum,
829 1293 866 1334 ac
894 1283 1009 1337 nostrae
1025 1275 1117 1340 Vati-

106 1389 182 1433 canee
210 1369 426 1445 bibliothecen,
444 1387 508 1429 nen
540 1363 732 1443 discessisse,
759 1386 938 1451 gravesque
965 1378 1117 1449 praeterea

105 1464 219 1550 aliquot
235 1486 272 1526 eo
289 1464 320 1526 in
338 1483 456 1549 genere
476 1460 647 1544 scriptores
675 1469 799 1523 secutos
829 1481 909 1538 esse,
935 1483 971 1525 ac
999 1461 1117 1526 deinde

105 1558 233 1622 remotis
241 1560 290 1638 iis,
309 1579 379 1643 quae
395 1557 500 1620 aliena
517 1564 547 1617 et
564 1575 652 1617 meet
656 1563 684 1616 ta
702 1563 818 1633 essent,
833 1551 873 1616 de
886 1557 1014 1640 propria
1030 1579 1117 1620 sism-

105 1671 150 1714 ma
166 1652 281 1716 veteris
297 1650 397 1714 divini
414 1649 518 1713 Officii
535 1649 614 1711 nibil
632 1647 791 1710 omisisse:
783 1669 886 1732 .opus
897 1651 1114 1756 probavimus,

105 1743 279 1808 etllomae
272 1743 410 1827 rmprimi
423 1743 678 1826 impressumque
706 1739 891 1825 divulgari
877 1744 1043 1827 pessimus
1057 1745 1124 1808 lta-

104 1859 160 1922 que
175 1849 211 1902 ut
228 1839 329 1904 divini
345 1837 442 1922 bujus
457 1837 571 1922 Operis
590 1835 722 1899 effeetus
749 1858 781 1898 re
802 1839 868 1920 ipsa
889 1850 1113 1924 consequatur,

104 1933 284 1994 auctoritate
308 1933 523 2016 praesentinm‚
542 1930 681 1993 tollimus
708 1931 738 1992 in
766 1931 877 2014 primis
903 1943 935 1996 et
950 1933 1114 1997 abolemus

103 2025 297 2091 Breviarium
323 2047 441 2090 novum
466 2047 484 2087 a
509 2025 677 2088 Francisco
693 2023 862 2088 Cardinale
880 2025 1029 2110 praedicto
1045 2027 1115 2092 edi-

104 2129 175 2199 tum,
192 2131 225 2184 ct
249 2121 280 2183 in
304 2141 506 2205 quacumque
532 2119 686 2195 Ecclesia,
705 2119 907 2197 Monasterio,
936 2120 1112 2203 Conventa,

103 2212 228 2292 Ordine,
258 2215 392 2296 Militia,
422 2225 453 2277 et
482 2213 770 2277 locovirorum.et
800 2214 993 2296 mulierum,
1018 2217 1112 2280 etiam

104 2317 256 2392 exempto,
270 2318 334 2370 tam
349 2330 366 2370 a
379 2308 529 2392 primaeva
542 2306 751 2388 institutione,
765 2329 862 2393 quam
875 2309 980 2387 aliter,
998 2310 1038 2374 ab
1055 2311 1114 2376 bac

104 2399 179 2462 Sede
203 2402 392 2486 permissum
411 2425 419 2464 ε
438 2424 474 2465 ac
502 2403 596 2465 etiam
620 2399 785 2464 abolemus
811 2422 1021 2488 quacumque
1052 2406 1112 2468 alia

103 2495 270 2578 breviaria,
289 2499 340 2560 vel
356 2497 548 2582 antiquiora,
565 2498 616 2561 vel
640 2496 753 2581 quevis
777 2497 945 2583 privilegio
977 2500 1109 2579 munita,

104 2592 149 2652 vel
164 2591 205 2654 ab
219 2593 383 2677 Episcopis
399 2593 431 2654 in
447 2592 511 2655 suis
526 2590 723 2656 Dioecesibus
748 2594 948 2678 pervulgata,
965 2615 1112 2658 omnem-

104 2705 160 2769 que
176 2687 300 2750 illornm
317 2709 409 2750 usum
426 2686 467 2749 de
489 2687 637 2750 omnibus
663 2686 750 2749 orbis
773 2686 932 2766 Ecclesiis,
953 2687 1112 2752 Menesta-

103 2779 163 2856 riis,
181 2781 408 2860 Cersvcntibus,
427 2782 558 2860 Militiis,
577 2779 764 2860 Ordinibus,
782 2789 814 2843 et
830 2781 907 2843 locis
922 2781 1063 2844 virorum
1079 2794 1112 2847 et

104 2876 279 2953 mulierum,
298 2878 392 2940 etiarn
411 2877 577 2960 exemptis,
597 2875 629 2937 in
646 2873 762 2959 quibus
777 2874 853 2936 alias
869 2872 1015 2937 Officium
1031 2873 1110 2940 divi·

104 2987 173 3031 num
189 2971 341 3034 Romanae
366 2973 514 3036 Eeelcsiae
537 2971 602 3034 ritu
632 2967 696 3031 dici
723 2968 898 3046 enrrsuevit,
917 2978 972 3030 aut
991 2968 1107 3032 debet:

103 3062 160 3125 illis
182 3074 285 3128 tamen
312 3069 464 3152 exeeptis,
484 3089 555 3153 qnae
582 3066 623 3129 ab
653 3065 719 3146 ipsa
736 3063 839 3148 prima
857 3062 1066 3147 institutione,
1091 3086 1109 3128 a

103 3156 180 3220 Sede
202 3159 383 3243 Apostoliea
418 3163 605 3248 approbata,
623 3162 675 3226 vel
697 3158 940 3240 consuetudine,
959 3180 1041 3245 quae,
1057 3161 1111 3224 vel

101 3249 162 3358 ipsa
179 3253 343 3338 institutio,
357 3256 512 3321 ducentos
528 3278 628 3321 annos
644 3253 824 3336 antecedat,
837 3255 906 3318 aliis
922 3253 1016 3317 certis
1031 3256 1111 3316 Bre-

101 3345 203 3409 viariis
218 3369 271 3412 usa
289 3350 385 3414 luisse
402 3352 599 3416 constiterit:
617 3350 734 3437 quibus
752 3359 787 3412 ut
803 3350 1015 3414 inveteratum
1032 3347 1112 3410 illutl

98 3437 147 3521 jus
162 3440 287 3507 dicendi
306 3457 339 3508 et
350 3446 505 3530 psallendi
518 3469 610 3512 situm
626 3445 774 3510 Officium
790 3466 854 3507 non
870 3441 1091 3524 adimimus,
1067 3464 1113 3506 ste

102 3525 226 3610 eisdem,
249 3552 274 3594 sr
267 3532 373 3596 forte
400 3535 459 3598 lroc
478 3543 634 3614 nostrum,
659 3529 747 3617 quod
774 3530 869 3595 modo
886 3531 1112 3638 pervulgatum

102 3633 155 3700 est,
182 3629 281 3709 magis
307 3631 442 3712 placeat,
461 3627 636 3692 dummodo
658 3627 844 3711 Episcopus,
863 3636 895 3688 et
924 3624 1112 3687 universnm

103 3715 274 3801 Capitulum
291 3723 323 3785 in
351 3745 389 3786 eo
415 3724 625 3803 consentiant,
650 3733 685 3785 ut
711 3721 743 3784 id
776 3723 808 3784 in
835 3720 939 3785 Clroro
957 3717 1066 3782 dicere
1083 3727 1113 3780 et
1208 3785 1210 3791 ¹

103 3813 231 3894 psallere
246 3819 378 3900 possint,
396 3819 622 3904 permittimus.
640 3815 758 3882 Omnes
784 3837 873 3897 vero,
893 3825 925 3878 et
943 3833 1113 3896 quascum-

105 3925 161 3990 que
176 3906 371 3991 Apostolicas
397 3923 428 3977 et
444 3914 520 3976 alias
546 3914 827 3998 permissionesac
853 3909 1112 3982 eonsuetudines,

105 4011 133 4064 et
146 4013 257 4067 statuta
274 4009 369 4071 ctiam
381 4008 578 4094 juramento,
598 4007 838 4070 coinfirmatione
855 4002 1047 4088 Apostolica,
1063 4000 1115 4061 vel

105 4095 159 4158 alia
186 4096 330 4165 firmitate
363 4103 495 4177 munita,
529 4123 651 4165 necnon
685 4101 865 4186 privilegia,
896 4097 1056 4171 licentias,
1085 4102 1117 4155 et
