2806 4736
370 236 553 280 nortorum
573 237 765 284 nsarrnron.
981 263 983 268 ·
1016 229 1079 290 115

110 337 143 400 6.
156 336 211 400 Aa
225 335 356 416 Stolom,
374 335 447 402 dam
460 340 731 424 imponitnrrotto.
756 345 872 410 Redde
895 348 986 425 milri,
1017 349 1078 412 Do·

67 430 167 512 mino,
180 431 293 494 stolam
310 431 569 513 immortalitatis,
587 453 683 522 qoam
700 435 827 520 perdidi
842 440 874 504 in
886 441 1077 524 praevnrice-

64 528 151 590 tione
175 528 270 613 primi
295 528 455 613 parentis:
483 542 515 595 et
544 533 691 618 quamvis
714 531 864 617 indignus
886 535 1006 600 accedo
1034 536 1075 600 ad

64 632 154 689 tuum
167 643 294 688 socrum
308 624 507 710 mysterium,
524 647 651 692 mereor
663 637 771 693 tamen
787 630 941 716 gaudium
957 632 1076 716 sempi-

66 727 207 782 ternum.
510 788 514 794 ,

106 815 139 877 7.
157 813 213 878 Aa
228 810 387 898 Casalam,
404 837 472 880 ram
488 821 672 883 assumitur.
695 819 844 903 Domine,
869 822 924 907 qui
948 820 1073 886 dixisti:

63 908 183 994 Jugum
198 931 307 974 meum
322 932 419 977 suove
432 922 480 976 est
498 923 529 978 ot
544 935 625 979 onus
640 935 749 978 meum
763 915 853 980 leve:
866 916 928 996 fao,
944 916 1073 980 utistud

62 1014 191 1088 portare
202 1006 248 1070 sio
259 1007 395 1089 valeam,
405 1006 492 1094 quod
505 1029 684 1097 consequor
695 1020 783 1074 tuom
796 1011 943 1096 gretiam.
955 1010 1072 1076 Amen.

104 1101 137 1163 8.
152 1101 207 1168 Aa
227 1102 427 1183 Temenitem,
452 1127 522 1170 cnm
541 1105 725 1187 assumitur,
741 1107 956 1172 Sabdiaeonns
974 1107 1072 1171 dicere

58 1207 175 1278 potest:
190 1199 310 1264 Tunica
321 1198 547 1284 jucunditatis,
568 1212 601 1266 et
616 1201 805 1266 indumento
821 1201 936 1266 lotitiae
959 1200 1071 1266 induet
1096 1227 1104 1238 ·

62 1311 111 1354 me
127 1292 298 1359 Dominus.

103 1384 136 1448 9.
148 1385 205 1448 Ad
219 1385 437 1466 Dalmaticum,
446 1389 604 1454 Diaconos
620 1391 717 1456 dicere
738 1402 854 1476 potest:
885 1390 987 1456 indue
1003 1414 1068 1473 me,

60 1476 208 1561 Domine,
223 1476 410 1545 indumento
426 1482 549 1562 salutis,
561 1494 593 1548 et
603 1486 793 1550 vestimento
808 1484 935 1568 tentio,
957 1497 989 1551 et
1004 1485 1070 1550 dat.

62 1573 177 1637 metica
187 1573 322 1660 justitior
335 1575 499 1642 circumda
515 1600 566 1642 mo
576 1601 715 1665 semper.

274 1892 468 1967 Orationes
484 1898 525 1968 in
541 1893 656 1970 Missa
673 1895 848 1972 dicenda.

101 2203 153 2265 to.
172 2200 332 2265 Sacerdos.
355 2201 393 2263 In
415 2197 544 2262 nomine
560 2198 674 2278 Patris,
699 2208 731 2263 et
751 2199 837 2282 Filii,
865 2210 898 2263 et
928 2201 1067 2286 Spiritus

7 2325 8 2370 g
60 2298 172 2362 saneti.
189 2296 306 2361 Arnon.
323 2294 466 2358 introibo
483 2291 523 2356 ad
540 2294 639 2356 altare
652 2293 723 2356 Dei.

99 2395 256 2457 Minister.
272 2389 324 2456 Ad
338 2393 441 2454 Deum
457 2389 512 2474 qni
529 2389 666 2453 laetifieat
676 2389 885 2474 juventutem
902 2411 1018 2454 meam.

7 2479 8 2482 ¹
99 2489 132 2552 S.
150 2485 268 2551 Judiea
283 2507 347 2562 mo,
360 2487 457 2562 Deus,
468 2493 499 2546 et
507 2482 652 2546 discerne
665 2505 793 2548 oausam
806 2506 910 2548 meam
921 2482 1065 2572 degente

61 2605 120 2646 non
135 2592 245 2646 sancte
260 2603 269 2644 t
286 2580 327 2644 ob
342 2580 472 2642 homino
486 2578 596 2665 iniquo
613 2588 645 2664 et
656 2577 767 2643 doloso
784 2601 861 2643 eruo
877 2600 942 2643 me.

7 2665 8 2702 ³
98 2680 141 2743 M.
161 2679 245 2758 Quia
262 2687 296 2740 tu
311 2696 357 2753 es,
370 2675 467 2750 Deus,
485 2670 641 2737 fortitudo
653 2695 742 2738 mee:
761 2697 860 2760 quare
876 2696 928 2737 mo
945 2675 1064 2759 repuli·

7 2815 8 2818 =
58 2773 114 2837 sti?
129 2783 162 2836 et
178 2793 278 2858 quero
293 2769 389 2834 tristis
406 2765 533 2845 incedo,
551 2765 629 2831 dum
646 2767 756 2853 affligit
774 2791 824 2832 me
839 2768 1014 2832 inimicust

97 2869 131 2931 S.
149 2867 267 2932 Emitte
278 2868 383 2929 lucem
399 2873 497 2941 tuom,
512 2873 542 2926 et
554 2863 720 2928 veritatem
734 2873 837 2927 tuomr
855 2863 923 2946 ipsa
938 2883 989 2924 mo
1004 2860 1060 2924 do·

7 2981 8 2986 ¹
58 2960 229 3045 duxerunt,
243 2972 275 3025 et
286 2954 490 3024 adduxerunt
505 2957 537 3020 in
549 2967 690 3021 montem
703 2968 848 3022 sanetum
867 2967 969 3038 tuum,
988 2966 1020 3019 ot
1031 2959 1061 3019 in

7 3121 8 3124 ,
58 3057 261 3122 tabernacula
279 3066 344 3121 tua.

98 3156 195 3219 M.Et
211 3151 349 3216 introibo
365 3147 405 3212 ed
418 3151 516 3214 altare
532 3150 613 3214 Dei:
643 3147 683 3212 ed
714 3151 816 3212 Deum
843 3143 897 3231 qui
927 3143 1065 3208 letificat

7 3273 8 3280 ¹
54 3247 258 3332 juventutem
273 3263 389 3309 meam.

7 3349 8 3354 ’
98 3345 132 3408 S.
150 3341 335 3406 Confitebor
349 3339 406 3402 tibi
423 3339 454 3400 in
470 3339 593 3402 eithara
608 3340 706 3421 Deus,
723 3337 808 3400 Deus
824 3355 932 3398 meus:
960 3355 1061 3420 quare

58 3437 153 3502 tristis
169 3458 203 3500 es
215 3436 319 3498 anima
331 3433 426 3497 mea?
439 3445 470 3499 et
485 3455 584 3520 quare
597 3431 768 3498 conturbos
783 3429 862 3493 me?

97 3534 139 3596 M.
159 3533 259 3616 Spera
275 3530 308 3592 in
318 3531 398 3606 Deo,
413 3529 564 3615 quoniam
578 3526 684 3592 adhue
696 3524 874 3590 confitebor
886 3521 952 3585 itti:
979 3524 1062 3585 salu*-

7 3623 8 3688 f
58 3637 119 3692 tore
135 3628 246 3690 vultos
262 3625 338 3702 mei,
352 3635 384 3688 et
396 3626 482 3686 Deus
497 3645 600 3689 meus.
713 3698 720 3714 .

96 3725 129 3786 S.
147 3719 257 3787 Gloria
271 3719 371 3797 Petri,
390 3729 421 3781 et
434 3719 525 3796 Filio,
543 3729 574 3782 ot
585 3717 718 3804 Spiritui
731 3726 851 3779 saneto.
949 3758 951 3761 .

96 3820 138 3880 M.
158 3815 247 3878 Siout
264 3824 333 3876 erat
346 3813 377 3874 in
394 3814 564 3898 principio,
579 3824 611 3877 et
626 3833 723 3893 nuno,
749 3823 781 3875 et
801 3829 938 3893 semper,
965 3818 997 3871 et
1029 3809 1060 3871 in

58 3915 167 3977 saeeula
182 3909 383 3973 saeculorom.
400 3907 516 3970 Amen.

96 4009 129 4072 S.
149 4004 294 4070 Introibo
306 4000 347 4066 ad
360 4005 459 4066 altare
468 4001 539 4067 Dei.

98 4105 142 4168 M.
155 4100 206 4168 Ad
223 4102 325 4163 Deum
342 4099 397 4184 qni
414 4098 549 4163 taetificat
563 4097 766 4186 juventutem
783 4115 900 4158 meam.
