2750 4738
215 175 218 182 ’
321 175 363 238 ta
750 189 894 232 aurarem

366 298 398 360 6.
423 296 459 360 ln
473 292 574 357 Fastis
588 299 697 355 autem
709 289 844 356 secundi
858 288 992 370 ordinis,
1010 289 1176 370 videlicet,
1190 291 1336 356 Circum·

323 389 462 460 cisionis,
478 385 652 464 Trinitatis,
677 384 914 470 Conceptionis,
942 385 1189 470 Purificationis,
1209 379 1339 450 hnnuo·

325 483 481 564 tintinnis,
510 491 542 545 et
564 479 747 545 Nativitatis
778 482 885 546 Benlae
916 480 1037 559 Marias,
1054 481 1086 544 in
1103 481 1269 545 Natalitiis
1284 481 1339 543 XII

322 580 572 665 Apostolorum,
590 585 623 640 et
638 575 932 663 Evangelistarum,
949 576 982 638 in
999 577 1092 640 Festo
1107 577 1142 640 S.
1159 577 1299 662 Joseph,
1315 575 1342 636 io

325 676 418 738 Festo
434 670 641 736 Inventionis
653 672 777 736 Sancta
789 670 911 750 Crucis,
934 682 967 735 ct
981 671 1014 734 in
1026 672 1119 735 Festo
1135 673 1249 738 Sancti
1266 673 1344 735 Lan-

328 768 434 846 rcntii,
452 777 485 832 et
508 764 726 831 Dedicationis
750 768 859 832 Sancti
885 767 1049 832 Michaelis
1078 766 1293 853 Archangeli,
1316 767 1343 826 io

327 863 439 948 primis
456 863 607 948 Vesperis
621 861 656 925 fis
671 860 941 927 Commemoratio
956 864 1039 928 Festi
1065 864 1214 948 Duplieis
1240 885 1280 926 co
1298 859 1345 924 die

327 957 492 1040 celebrati,
505 957 565 1020 nisi
581 957 674 1022 aliter
690 958 722 1022 in
738 958 877 1044 propriis
888 958 967 1022 locis
980 967 1128 1021 notetur:
1142 955 1184 1021 de
1200 957 1346 1021 Domini-

329 1075 366 1118 ca
382 1074 472 1130 vero,
486 1050 528 1115 de
543 1050 597 1115 dic
615 1052 698 1115 infra
714 1052 881 1133 Octavam,
898 1061 930 1116 et
945 1049 985 1116 de
1000 1053 1102 1115 Festis
1118 1051 1344 1137 Semidupliei-

326 1145 389 1214 bras
418 1170 481 1212 non
504 1147 540 1212 fit
561 1148 848 1231 Commemoratio,
872 1169 911 1212 eo
925 1148 1021 1212 modo
1044 1169 1110 1234 quo
1126 1169 1187 1212 neo
1208 1147 1243 1213 in
1256 1149 1345 1212 Festo

329 1242 462 1308 solemni
478 1241 614 1327 alicujus
630 1243 707 1321 loci,
726 1252 760 1306 ut
773 1241 895 1306 dietum
915 1253 963 1308 cst
978 1264 1087 1330 supra.
1108 1244 1155 1307 De
1184 1243 1345 1328 Simplici·

330 1337 403 1421 bus,
420 1347 452 1401 et
466 1337 593 1424 Vigiliis
617 1338 649 1400 in
666 1338 715 1401 his
727 1338 828 1402 Fastis
851 1337 1097 1403 occurrentibus
1110 1337 1238 1424 legitur
1268 1358 1346 1400 nona

331 1433 451 1515 Lectio,
483 1441 516 1496 et
544 1431 579 1496 lit
608 1431 879 1496 Commemoratio
901 1433 935 1496 in
957 1430 1291 1496 Laudibustantum.
1315 1434 1346 1494 ln

332 1525 480 1592 secundis
496 1536 603 1592 autem
618 1527 770 1613 Vesperis
785 1527 821 1592 fit
836 1527 1106 1592 Commemoratio
1122 1524 1164 1590 de
1189 1547 1348 1614 quocum·

332 1644 396 1710 que
421 1624 568 1711 sequenti
593 1623 699 1707 Festo,
728 1623 823 1687 etiam
851 1623 1008 1708 Simplici,
1041 1631 1073 1686 et
1102 1619 1145 1685 de
1178 1619 1237 1685 die
1271 1621 1347 1685 inira

332 1719 500 1802 Octavam,
514 1719 540 1782 si
552 1717 593 1783 de
605 1741 643 1784 ea
658 1719 727 1784 lieri
739 1716 858 1784 debeat
871 1718 1021 1783 Officium
1038 1715 1091 1780 dic
1106 1718 1277 1805 sequenti.
1306 1718 1349 1780 De

333 1815 462 1880 Octavis
494 1815 676 1880 Nativitatis
712 1815 853 1897 Domini,
892 1814 1092 1900 Epiphania,
1132 1824 1164 1878 et
1200 1813 1350 1900 Corporis

335 1909 465 1992 Christi,
477 1930 604 1994 semper
615 1909 650 1975 fit
663 1909 931 1974 Commemoratis
943 1909 976 1972 in
987 1909 1134 1994 utrisque
1144 1909 1315 1994 vesperis,
1323 1917 1351 1970 ct

335 1999 510 2084 Laudibus,
525 2003 797 2089 quandocumque
813 2003 984 2089 contigerit
998 2002 1081 2067 inira
1098 2002 1168 2066 illas
1183 2000 1229 2066 de
1246 2002 1349 2088 aliquo

335 2095 399 2161 alio
423 2097 517 2162 Festo
540 2097 687 2164 Officium
718 2097 874 2162 celebrari
902 2097 994 2185 juxta
1019 2097 1199 2163 Rubrieam
1228 2097 1272 2162 de
1292 2100 1349 2164 Oc-

340 2191 573 2258 tavisnum.5.

381 2287 414 2350 7.
439 2290 486 2352 De
497 2289 672 2354 Dominicis
689 2290 830 2356 etFeriis
842 2286 1022 2372 Adventus,
1039 2300 1071 2354 et
1086 2287 1350 2378 Quadragesima.

339 2381 606 2448 Commemoratio
620 2385 656 2450 fit
668 2385 701 2449 in
717 2386 861 2472 utrisque
886 2386 1050 2471 Vesperis,
1064 2396 1096 2450 et
1110 2385 1293 2451 Laudibus.
1309 2389 1350 2451 De

339 2479 439 2544 Feriis
454 2479 627 2560 QuatuorT
646 2503 828 2569 emporum,
845 2481 1051 2567 Vigiliarum,
1067 2491 1099 2545 et
1113 2481 1261 2546 secunda
1288 2485 1351 2546 Ro·
1371 2541 1372 2544 ,

339 2573 516 2660 galienum,
533 2574 664 2660 quando
679 2575 719 2640 de
736 2577 798 2641 illis
813 2576 1082 2640 Commemoratio
1096 2577 1164 2640 fieri
1182 2575 1297 2660 debet,
1321 2575 1352 2639 fit
1371 2569 1372 2620 l

340 2667 372 2732 in
385 2667 548 2733 Laudibus
563 2679 700 2736 tantum.
730 2674 777 2736 De
792 2672 894 2736 Fastis
920 2681 1028 2736 autem
1049 2674 1263 2757 Simplieibus
1286 2673 1351 2760 (nisi

341 2765 374 2828 in
403 2763 519 2829 diebus
547 2787 644 2851 supra
670 2768 764 2834 dictis
789 2771 970 2853 occurrant)
988 2769 1260 2834 Commemoratio
1275 2770 1352 2834 litio

341 2861 452 2946 primis
467 2862 629 2949 Vesperis,
647 2876 679 2930 et
695 2864 859 2930 Laudibus
875 2887 913 2929 eo
929 2864 995 2949 die,
1011 2887 1076 2952 quo
1100 2866 1131 2928 in
1154 2866 1353 2930 Kalendario
1370 2873 1371 2940 t

342 2955 555 3043 assignantur.
572 2959 619 3023 De
636 2961 706 3024 aliis
717 2983 795 3025 vero
809 2960 984 3024 Dominicis
997 2983 1198 3046 perannum,
1219 2972 1253 3026 et
1269 2962 1353 3025 Octa·

343 3047 403 3131 vis,
417 3048 687 3119 Commemoratio
699 3055 733 3119 fit
749 3055 782 3118 in
797 3055 941 3141 utrisque
954 3055 1117 3140 Vesperis,
1130 3065 1162 3119 et
1176 3055 1352 3134 Laudibus,

344 3143 405 3208 nisi
421 3159 614 3213 concurrant
630 3171 704 3214 cnm
719 3171 815 3236 supra
832 3151 1026 3215 enumeratis
1041 3150 1153 3215 Fastis.
1369 3231 1370 3236 ἵ

389 3238 421 3302 8.
440 3239 764 3310 Commemorationes
779 3245 860 3310 finnt
874 3246 935 3310 hoc
950 3243 1060 3309 modo.
1084 3249 1161 3310 Post
1172 3246 1352 3312 Orationem
1369 3237 1370 3240 ¹

346 3331 423 3409 diei,
436 3335 468 3398 in
480 3336 591 3421 primis
602 3340 754 3427 Vesperis
770 3339 888 3406 dieitur
898 3341 1095 3427 Antiphone,
1113 3363 1184 3428 quae
1195 3344 1302 3427 posita
1313 3351 1354 3405 est

346 3428 386 3494 ad
403 3431 594 3518 Magnificat,
613 3447 644 3501 et
659 3439 691 3500 in
715 3435 890 3516 Laudibus,
908 3458 979 3524 quae
995 3438 1097 3522 posita
1120 3448 1168 3502 est
1183 3437 1225 3500 ad
1255 3442 1369 3506 Bene-2

347 3522 451 3590 dictus
466 3526 499 3588 in
515 3525 682 3594 Communi
713 3532 752 3617 (si
777 3533 938 3617 propriam
960 3553 1024 3596 non
1053 3533 1218 3616 habuerit)
1243 3556 1354 3599 convo·

347 3619 438 3682 niens
453 3619 523 3704 ejus
538 3622 662 3703 Officio,
689 3624 782 3710 eujus
807 3626 842 3688 fit
861 3626 1144 3691 Commemoratio.
1162 3630 1241 3694 Post
1263 3629 1369 3693 Arati-l

348 3713 488 3798 phonam
504 3711 621 3781 dicitur
635 3719 756 3786 Versus
772 3719 847 3784 indc
860 3719 1046 3804 sumendus,
1066 3719 1152 3785 unde
1168 3735 1299 3809 sumpta
1316 3729 1369 3797 estl

348 3807 545 3892 Antiphone,
562 3813 682 3878 scilieet
699 3824 769 3898 post
783 3816 944 3902 Hymnum
960 3818 1188 3902 Vesperarum,
1215 3831 1248 3884 et
1279 3819 1355 3882 Lan·

350 3900 445 3985 dum3
474 3902 592 3971 deinde
618 3906 736 3973 dicitur
761 3907 883 3976 Oratio.
920 3913 953 3976 si
976 3912 1162 3998 Antiphone
1185 3925 1217 3979 et
1243 3915 1356 3981 Versus

350 3997 446 4082 Festi,
478 3997 518 4062 de
549 4024 613 4089 quo
640 4005 677 4070 fit
700 4005 978 4089 Commemoratio,
1006 4007 1163 4074 sumenda
1192 4020 1298 4074 essent
1321 4027 1354 4071 ex

256 4129 266 4146 ·
352 4091 467 4158 codem
483 4094 663 4180 Communi,
690 4099 777 4164 unde
793 4113 918 4190 sumpta
934 4116 1008 4170 sunt
1029 4105 1061 4168 in
1084 4104 1198 4170 Officio
1224 4101 1302 4188 diei,
1326 4105 1353 4167 in
