2806 4736
231 255 234 260 ,
325 189 389 254 102
740 209 931 258 oumsrrorss

370 317 474 380 5·.1n
506 314 607 378 Missis
636 295 870 378 betuncsorum
905 335 1032 398 semper
1048 312 1166 378 dicitnr
1193 316 1346 380 Praelatio

327 411 506 475 communis
517 411 592 496 (Tit.
610 410 684 490 Xll,
702 431 736 473 n.
753 409 815 474 let
830 419 943 495 quest.
965 409 1029 473 tut
1044 420 1077 472 et
1089 410 1166 474 128.

761 635 929 658 ψ

383 803 516 869 CAPUT
540 805 599 868 111.
624 805 678 870 DE
702 803 1021 962 Cogffilggld'lli
1043 805 1180 869 MISSAE
1203 804 1290 870 CUM

252 1203 253 1208 Ν
362 1118 391 1210 5.
419 1118 454 1189 t.
487 1115 544 1198 De
561 1115 685 1190 Missis
708 1119 869 1214 privetis
895 1119 935 1190 to
970 1117 1135 1191 Ecclesia
1155 1113 1310 1217 publico

731 1221 936 1296 celebretis.

373 1391 899 1506 Quaes1.189.nissa‚otctoun
926 1438 971 1489 ee
1002 1425 1122 1512 (queo.
1154 1425 1230 1510 ror)
1261 1426 1344 1488 cece

330 1539 393 1583 esse
416 1518 582 1604 conformis
599 1516 709 1604 Officio
726 1518 807 1604 qnod
828 1521 955 1604 quisque
971 1523 1120 1598 recitoolt3
1138 1520 1346 1606 quantocum-

330 1633 387 1698 que
403 1614 535 1675 occurrit
550 1614 670 1675 Festum
684 1610 807 1695 Duplex
822 1624 877 1676 ont
892 1613 1093 1698 ooqctloolen33
1118 1614 1228 1678 occidit
1242 1624 1342 1678 antem

330 1718 366 1770 ut
381 1706 520 1771 sacerdos
534 1706 656 1769 celebret
668 1709 701 1769 ln
715 1706 853 1771 Ecclesia
870 1707 921 1771 cti
935 1709 1088 1772 diversunt
1102 1732 1120 1771 o
1136 1731 1192 1773 sno
1202 1720 1344 1773 servator

333 1799 489 1886 Officium,
515 1823 544 1863 o.
566 1822 599 1884 9.
617 1803 691 1886 quio
706 1799 750 1863 iti
764 1803 871 1886 coitur
885 1803 1007 1865 Festum
1031 1803 1170 1866 Patroni
1187 1803 1340 1878 Ecclesia,
1395 1809 1396 1866 Ξ

330 1897 377 1960 vet
388 1897 423 1960 ob
439 1897 531 1960 aliom
545 1917 688 1974 consom,·
705 1899 856 1981 qnaerltnr
871 1918 912 1958 on
927 1897 1066 1961 sacerdos
1082 1898 1136 1961 itte
1152 1898 1254 1961 debeat
1267 1899 1341 1959 Mis-

330 2012 395 2054 som
412 1990 559 2054 celebrare
575 1990 758 2076 conformem
771 2010 826 2053 sno
843 1987 964 2076 Officio,
994 2013 1034 2053 an
1057 2012 1127 2054 vero
1158 1991 1340 2077 conformem
1395 2065 1396 2072 ἵ

333 2083 441 2170 Officio
457 2085 543 2148 illins
558 2081 731 2148 Eccleslce?
816 2123 818 2128 -

373 2181 415 2243 R.
433 2181 575 2264 Lexqua
592 2179 753 2264 obligatur
768 2177 916 2241 sacerdos
942 2188 978 2242 nt
1007 2178 1135 2243 Missam
1158 2183 1244 2267 legat
1271 2204 1341 2244 con·

330 2272 467 2336 formem
483 2293 541 2338 suo
556 2271 679 2353 Officio,
706 2281 754 2334 cst
766 2273 818 2333 lex
842 2272 1028 2355 personalis,
1048 2273 1216 2360 ipsumque
1233 2276 1340 2361 scqui-

331 2378 383 2432 tur
396 2370 427 2432 in
440 2389 676 2456 quemcumque
693 2367 719 2431 is
734 2364 885 2430 deveniat
900 2368 1024 2449 locum3
1057 2367 1121 2430 duo
1139 2379 1246 2432 tamen
1270 2379 1341 2431 sunt

330 2485 432 2546 casus,
441 2465 535 2549 juxte
551 2461 681 2527 decreta
693 2463 727 2525 S.
740 2463 781 2525 R.
797 2459 846 2541 C„
867 2461 897 2523 in
915 2463 1032 2547 quibus
1050 2473 1178 2527 tenetur
1194 2462 1341 2528 sacerdos

329 2579 362 2622 se
379 2560 593 2636 conformare,
611 2559 643 2620 in
659 2554 760 2620 Missis
776 2555 919 2639 privatis,
938 2555 1049 2618 Officio
1064 2556 1212 2620 Ecclesiae
1229 2557 1261 2618 in
1280 2576 1339 2641 que

329 2652 482 2730 celebrat,
499 2651 638 2715 scilicet:

373 2748 407 2809 1ο
419 2746 555 2830 Quando
572 2747 605 2809 in
621 2746 676 2808 ille
691 2744 833 2808 Ecclesia
851 2735 1034 2808 celebratur
1049 2745 1177 2808 Festum
1199 2765 1273 2809 eum
1296 2766 1340 2807 so·

328 2841 492 2907 lemnitete
506 2851 538 2905 et
552 2861 708 2905 concursu
720 2839 843 2924 populi.

373 2937 406 2999 2⁰
422 2936 558 3017 Quando
574 2936 618 3000 ibi
642 2936 824 3004 celebratur
846 2937 974 2999 Festum
1005 2935 1132 3019 Duplex
1158 2944 1213 2999 aut
1240 2937 1339 3023 aequi·

328 3029 449 3108 valens,
480 3027 581 3116 (quod
608 3030 729 3093 scilicet
753 3027 861 3114 rejicit
882 3029 1027 3107 votivas,
1052 3038 1128 3112 puta
1145 3028 1326 3114 Dominica)

328 3118 492 3186 diversum
509 3143 595 3185 estro
608 3125 745 3186 colorem
761 3123 905 3207 exigens.

373 3216 478 3298 Unde,
495 3218 519 3280 si
544 3216 692 3281 sacerdos
708 3216 806 3280 habet
817 3217 965 3281 Officium
981 3239 1013 3282 v.
1029 3239 1061 3302 g.
1080 3215 1121 3279 de
1138 3215 1337 3300 Confessum,

328 3315 478 3378 incolere
494 3312 580 3389 albo,
598 3313 721 3376 etiamsi
746 3301 786 3376 sit
800 3313 879 3376 ritus
895 3311 1038 3396 anlicis
1061 3313 1092 3375 1.
1120 3314 1176 3395 cl.,
1199 3323 1229 3376 ct
1255 3315 1338 3384 cele-

326 3408 436 3471 brsret
451 3407 483 3469 io
499 3406 640 3469 Ecclesia
656 3404 712 3468 ubi
727 3405 762 3469 fit
777 3405 817 3468 de
833 3408 970 3492 Martyrc
987 3406 1019 3468 in
1036 3404 1142 3470 colore
1159 3408 1271 3490 rubro,
1289 3410 1337 3474 vel

327 3503 383 3566 ubi
397 3501 439 3566 ob
451 3501 597 3567 Officium
614 3499 654 3562 dc
669 3501 836 3565 Dominicn
853 3499 1028 3564 adhibetur
1043 3502 1131 3564 color
1146 3502 1260 3567 viridis
1288 3504 1336 3568 vel

325 3598 487 3662 violaceus
495 3621 505 3680 3
523 3597 556 3658 in
572 3606 685 3660 neutro
697 3616 772 3659 casu
786 3605 893 3680 posset
903 3597 1011 3682 legere
1025 3595 1150 3660 Missam
1161 3597 1335 3662 suoOllicio

326 3692 537 3756 conformem.

370 3785 582 3865 Quest.190.
606 3787 662 3850 An
677 3784 817 3850 sacerdos
843 3789 933 3870 cnjus
957 3785 1102 3874 Officium
1127 3799 1171 3850 est
1192 3787 1334 3852 Semido·

321 3876 406 3961 plex,
430 3897 483 3939 scu
499 3897 565 3939 enoc
582 3880 685 3944 Missis
704 3879 825 3942 Votlvis
851 3892 879 3943 et
902 3880 938 3943 de
954 3881 1114 3967 Requiem
1130 3881 1330 3966 competibile,

322 3982 422 4056 potest
437 3970 584 4036 celebrare
600 3975 745 4038 Votloom
767 3973 814 4036 oel
837 3974 872 4038 de
900 3976 1061 4062 Requiem
1077 3981 1110 4038 tn
1126 3976 1263 4041 Ecclesia
1286 3975 1336 4039 nli

327 4064 470 4152 Officium
487 4076 530 4128 est
541 4067 687 4151 Duplex?
