2754 4740
363 236 393 278 ur
416 233 568 276 nunnrcas
590 233 766 276 rnsvunn.
1031 219 1073 280 18

52 345 207 432 operibus
232 338 415 419 servilibus,
432 345 465 399 et
490 331 622 421 quidem
638 334 705 398 ritu
733 333 863 420 Duplici
893 339 908 400 1
938 339 978 402 01.
999 360 1072 406 cum

52 441 176 504 Octava
199 458 218 500 a
241 434 327 498 clero
357 428 512 508 seculari,
533 448 552 490 a
574 426 715 514 regulari
740 449 818 493 vero
841 429 910 494 sina
935 430 1068 498 Octava.

45 505 92 616 f
94 535 241 618 Utraque
270 525 424 612 obligatio
461 519 615 586 audiendi
643 522 777 587 Sacrum
806 533 839 587 et
862 524 997 589 vacandi
1022 509 1093 622 ἦῆ

53 627 208 714 operibus
229 621 400 688 servilibus
416 619 449 682 in
464 618 558 681 Festo
579 617 721 700 Patroni,
739 618 800 682 nisi
824 617 946 684 incidat
960 621 993 683 in
1007 622 1073 685 Do-

52 716 381 797 minicam,translata
407 721 465 794 est,
483 732 540 795 pro
553 710 614 774 hac
625 711 740 795 patria,
750 711 783 774 in
806 713 1006 778 Dominicam
1027 735 1073 778 se·

28 824 281 924 Quentemper
294 806 460 872 decretum
468 802 646 870 Cardinalis
657 803 959 892 Caprara,9dprilis
975 807 1099 900 tany

95 904 293 989 90000081.
322 899 436 981 Quales
463 898 599 962 locorum
612 898 751 962 Patroni
769 901 814 963 ita
839 901 960 966 calendi
972 901 1074 967 sunt?

93 1005 141 1067 R.
166 1002 262 1066 Juxta
291 996 412 1061 Urbani
443 994 520 1061 VIII
547 992 806 1058 constitutionem
839 996 991 1062 Uerieeraa
1018 1019 1075 1082 per

56 1096 183 1175 Orbem,
197 1094 272 1158 anni
289 1091 386 1172 tom,
405 1110 463 1175 pro
486 1087 710 1154 obseruatione
725 1089 903 1170 Fastorum,
925 1088 990 1155 duo
1007 1102 1074 1158 tan·

54 1199 126 1253 tum
148 1197 223 1252 suut
247 1185 378 1250 Patroni
398 1183 453 1269 qui
474 1179 602 1266 dejure
628 1181 689 1245 sub
713 1182 775 1246 hoc
796 1183 860 1247 ritu
878 1194 910 1249 et
930 1185 990 1250 sub
1013 1187 1074 1252 hac

55 1285 252 1370 obligatione
282 1280 343 1344 coli
369 1279 501 1364 possint,
518 1275 666 1340 seilicet:

97 1381 146 1442 1⁰.
172 1378 329 1442 Patronus
354 1370 540 1458 principalis
568 1370 630 1433 loci
660 1371 789 1454 proprie
824 1368 921 1456 dicti,
948 1371 981 1436 id
1011 1384 1071 1454 eat,

56 1473 192 1537 civitatis
207 1470 277 1556 (ubi
295 1478 343 1532 est
353 1465 501 1552 Episcopi
514 1461 681 1548 cathedra)
696 1462 818 1549 oppidi,
837 1466 924 1552 pagi.

98 1569 146 1631 2⁰.
165 1567 324 1629 Patronus
341 1559 526 1647 principalis
548 1557 653 1644 regni,
670 1577 728 1620 seu
752 1558 936 1642 provinciae,
960 1571 1071 1644 status,

56 1658 205 1741 ducatus,
217 1657 327 1742 patriae
343 1665 404 1719 etc.
423 1671 629 1740 quocumque
647 1651 777 1715 nomine
790 1663 936 1717 vocetur.
950 1649 1011 1720 llic
1027 1667 1075 1722 ta-

57 1775 131 1817 men
145 1755 177 1816 in
187 1747 497 1836 nostrisregicnibus
510 1745 710 1810 feriationem
726 1766 883 1810 annexam
891 1750 1073 1815 nonhabet.

98 1849 223 1910 Praeter
236 1842 317 1907 duos
340 1844 410 1906 illos
440 1843 607 1918 Patronus,
639 1860 739 1903 unum
762 1843 982 1924 particularem
1016 1868 1074 1912 seu

59 1940 121 2005 loci
142 1939 273 2025 proprie
298 1935 388 2018 dieti,
405 1937 541 2000 alterum
556 1933 729 2018 peneralem
750 1954 807 1998 seu
822 1937 926 2022 regni,
951 1939 976 2002 si
993 1937 1075 2004 den·

59 2044 110 2098 tur
125 2034 192 2116 alii,
221 2033 350 2096 illorum
368 2032 460 2095 Festa
491 2028 695 2093 celebrantur
713 2039 836 2094 tantum
859 2031 924 2095 ritu
946 2034 1074 2119 Duplici

59 2129 186 2214 majori,
214 2129 282 2191 sinc
311 2127 454 2205 Octava3
481 2121 563 2186 adeo
593 2133 640 2203 ut,
666 2123 692 2186 si
720 2123 828 2207 plures
858 2124 922 2190 sint
944 2126 1075 2194 Patroni

61 2223 251 2307 principales
267 2219 402 2306 alicujus
427 2218 499 2298 loci,
514 2216 722 2302 principalior
740 2226 863 2282 tantum
877 2219 940 2285 hoc
960 2223 1023 2286 ritu
1044 2233 1073 2287 et

59 2316 227 2381 feriatione
260 2312 411 2402 gaudeat.
441 2313 510 2376 lloc
538 2321 644 2375 tamen
675 2309 902 2395 applicandum
931 2336 995 2379 non
1028 2328 1075 2382 est

61 2410 96 2473 iis
120 2411 256 2490 Sanctis,
274 2411 329 2497 qui
353 2406 486 2494 quidem
504 2406 610 2490 plures
636 2416 710 2469 sunt
738 2427 885 2488 numero,
913 2408 970 2474 sed
985 2410 1075 2476 ordi·

60 2506 147 2568 narie
173 2526 233 2590 per
249 2502 383 2568 modum
407 2502 503 2565 unius
529 2498 744 2580 celebrantur,
773 2521 806 2565 v.
834 2521 867 2586 g.
894 2502 920 2565 si
944 2504 1063 2570 Patron

61 2597 154 2660 simul
187 2607 292 2660 essent
324 2597 381 2659 SS.
425 2594 554 2658 Cosmas
583 2601 615 2654 ct
648 2593 833 2656 Damianus.
863 2592 1006 2660 Tandem
1035 2619 1075 2662 ex

60 2689 184 2755 indulto
198 2690 382 2777 Apostolico
397 2692 449 2756 vel
471 2689 614 2776 legitima
636 2686 866 2753 consuetudine
888 2690 957 2754 fieri
972 2702 1076 2777 potest

61 2795 96 2848 ut
113 2787 220 2870 plures
243 2786 372 2851 Patroni
412 2784 617 2848 celebrentur
637 2782 730 2845 Festo
752 2781 879 2866 Duplici
896 2784 912 2845 1
939 2786 980 2849 cl.
999 2807 1071 2851 cum

61 2878 192 2944 Octava.
1060 2955 1066 2969 .

105 2974 224 3055 Queat.
239 2975 292 3038 85.
310 2973 395 3053 Quid
424 2976 453 3036 si
476 2973 559 3037 lacae
572 2971 792 3057 particularem
809 2974 986 3039 Patronem
1013 2996 1074 3039 aon

64 3067 197 3131 tabeat?
371 3133 373 3136 .

6 3241 10 3248 ι
105 3164 146 3227 R.
165 3165 248 3226 Loca
265 3183 337 3248 quea
352 3161 536 3247 particulari
550 3164 689 3227 Patrono
706 3185 769 3227 non
786 3161 939 3250 gaudent,
955 3161 1076 3228 debent

63 3255 225 3319 celebrare
242 3257 372 3320 Festum
387 3254 517 3318 Patroni
546 3254 691 3321 dioecesis
716 3260 768 3323 vel
796 3257 932 3321 ciuitatis
952 3258 1076 3342 cpisco·
1163 3273 1167 3280 '

63 3350 143 3432 palis
155 3349 225 3437 (qui
240 3351 430 3435 plerumque
447 3348 533 3414 idem
550 3351 623 3430 est).
642 3354 797 3416 Patronus
816 3352 903 3414 enirn
918 3349 1074 3434 dioecesis,

63 3443 88 3504 si
114 3440 217 3523 detur,
235 3465 299 3506 non
327 3443 426 3508 babet
447 3443 502 3528 jus
526 3441 567 3506 ad
590 3445 738 3510 Officium
763 3445 889 3530 Duplex
908 3446 919 3508 l
941 3444 981 3508 01.
1000 3464 1073 3507 eum

62 3536 179 3604 Octava
198 3559 303 3624 neque
323 3536 364 3602 ad
385 3538 598 3619 feriationem,
616 3562 675 3625 per
696 3551 793 3604 totam
825 3537 998 3619 dioecesim,
1017 3535 1074 3601 sed

61 3641 182 3696 tantum
199 3633 232 3696 in
257 3633 384 3698 civitate
407 3633 578 3718 episcopali
603 3634 704 3721 iisque
728 3636 760 3698 in
782 3634 872 3712 locis,
889 3655 960 3720 quae
978 3652 1074 3718 pecu·

62 3725 170 3790 liarem
191 3730 365 3792 Patronum
389 3749 452 3790 non
482 3727 615 3793 habent.
639 3731 676 3792 ln
699 3726 825 3793 dioeccsi
854 3727 1073 3791 Mechliniensi

63 3827 178 3901 tamen,
199 3822 232 3884 S.
263 3821 454 3902 Rurnoldus,
480 3822 637 3886 Patronus
663 3824 798 3887 civitatis
825 3821 1072 3899 Mechliniensis,

64 3923 111 3975 est
128 3915 231 3996 etiarn,
246 3937 286 3978 ex
308 3916 511 3979 concessione
530 3918 572 3981 20
592 3919 668 3982 lulii
692 3918 787 3999 1858,
802 3922 960 3982 Patronus
977 3916 1073 3980 totius

64 4007 216 4089 diaecesis,
233 4009 368 4096 ejusque
388 4012 518 4075 Festum
540 4013 721 4076 celebratur
736 4012 778 4076 ab
799 4012 886 4076 omni
906 4012 991 4076 clero
1008 4009 1070 4072 ritu

65 4102 187 4186 Duplici
202 4106 219 4168 1
237 4105 278 4168 01.
298 4124 371 4168 curn
394 4105 523 4189 Octava,
538 4105 593 4170 scd
620 4106 741 4184 absque
765 4105 945 4170 feriatione.

153 4230 339 4270 aurasrmnnur·
635 4239 637 4244 v
794 4209 797 4216 ’
874 4203 894 4264 5
