2764 4742
486 321 676 364 rosrrncrra.
1078 303 1098 365 5

69 423 178 488 viarii
207 427 349 506 formula,
367 438 431 491 tam
454 427 485 487 iu
513 425 629 513 Charo,
647 447 743 510 quam
766 438 852 490 extra
869 429 971 510 illum,
990 427 1097 493 dicere

69 526 106 580 et
131 520 270 602 psallere
285 529 470 605 procurent.
488 516 583 599 Quod
599 537 676 581 voro
697 519 728 582 in
745 521 895 584 Rubrieis
921 521 1019 585 nostri
1035 522 1097 584 liu-

65 611 127 694 jus
146 612 249 676 Officii
276 613 503 699 praescribitur,
533 611 651 697 quibus
676 611 791 677 diebus
806 614 969 703 ,Officium
991 616 1097 679 Beatae

70 705 193 769 Mariae
213 727 337 792 semper
357 706 511 792 Virginis,
529 715 561 768 et
590 704 833 788 Defunctorum‚
860 708 937 772 item
967 709 1097 793 Septem

72 801 225 864 Psalmos
240 801 488 878 Peettitontiales,
505 809 537 863 et
551 798 727 866 Greduales
742 799 818 882 dici,
843 825 880 868 ae
896 804 985 889 psalli
1002 824 1097 888 opor·

69 907 145 960 teat
167 899 262 980 :Nos,
279 907 410 982 propter
427 895 512 960 varia
539 893 637 980 hujus
663 897 735 961 vitae
767 900 905 984 negotia,
923 901 1096 965 multorum

69 986 343 1076 occupationibus
373 988 586 1076 indulgentes,
612 991 736 1074 peceati
760 990 893 1076 quidem
918 994 1104 1078 periculum·

70 1086 118 1149 ab
138 1109 177 1150 ca
192 1086 427 1170 praescriptione
453 1081 685 1147 removendum
706 1081 856 1148 duximus
873 1109 882 1168 3
910 1107 1023 1149 verum
1039 1086 1096 1149 dc-

71 1180 154 1256 bito,
166 1178 373 1265 providentiae
388 1179 553 1263 pastoralis
568 1175 722 1242 admoniti
736 1227 745 1260 ,
763 1200 875 1244 omnes
888 1180 1097 1245 vehementer

73 1274 112 1336 in
125 1275 262 1336 Domino
278 1274 495 1351 cohortamur,
512 1281 549 1334 ut
574 1271 794 1336 remissionem
823 1283 975 1351 nostram,
993 1294 1097 1359 quan-

72 1377 151 1429 tum
165 1367 234 1429 fieri
258 1366 385 1450 polerit,
403 1386 459 1428 sua
475 1363 645 1427 devotione
662 1385 698 1428 ac
713 1363 879 1451 diligentia
897 1387 1095 1450 praecurren-

72 1471 141 1543 tcs,
164 1463 225 1524 illis
241 1462 337 1524 etiam
361 1459 521 1544 precibus,
550 1459 718 1546 suffragiis,
743 1470 775 1524 et
800 1459 948 1523 laudibus
985 1482 1049 1524 suae
1065 1472 1096 1525 et

72 1557 217 1619 aliorum
249 1556 341 1620 saluti
369 1555 534 1618 consulere
562 1552 722 1618 studeant.
785 1566 861 1641 tque
889 1563 925 1618 ut
999 1576 1097 1619 erum

73 1651 228 1713 voluntas
254 1671 291 1712 ac
324 1648 465 1712 studium
489 1649 590 1734 magis
621 1650 716 1712 etiam
747 1647 789 1713 ad
817 1650 988 1713 salutarem
1013 1649 1097 1713 hanc

74 1741 349 1807 consuetudinem
374 1743 535 1820 incitetur,
561 1740 601 1805 dc
623 1743 858 1828 Omnipoteutis
882 1743 942 1806 Dei
971 1743 1076 1806 miser'

74 1836 203 1918 cordia,
227 1838 465 1924 Beatorumquc
491 1838 577 1901 Petri
600 1848 631 1902 et
649 1839 741 1902 Pauli
768 1837 995 1922 Apostolorum
1025 1837 1095 1922 ejus

75 1935 271 1996 auctoritate
300 1933 422 2014 confisi,
452 1933 617 2011 omnibus,
647 1932 702 2018 qui
720 1933 782 1995 illis
806 1933 882 2016 ipsis
910 1928 1036 2009 diebus,
1063 1932 1095 1993 iu

73 2027 233 2092 Rubrieis
254 2028 429 2112 praefinitis,
451 2029 557 2090 Beatae
580 2027 698 2105 Maria,
717 2030 769 2092 vel
790 2027 1021 2091 Defunctorum
1038 2027 1083 2090 ot

74 2121 190 2184 ficium
214 2120 351 2198 dixerit,
382 2122 475 2184 toties
499 2130 628 2184 centurn
657 2119 747 2195 dies,
774 2121 830 2207 qui
857 2141 934 2185 vero
965 2121 1094 2203 Septem

75 2219 238 2298 Psalmos,
264 2216 516 2297 vetGraduates,
541 2217 773 2303 quinquaginta
798 2215 838 2278 de
858 2214 1000 2300 injuncta
1024 2215 1099 2298 ipsis

75 2311 269 2396 poenitentia
281 2314 472 2375 relaxamus.
487 2312 556 2374 Hoc
575 2321 681 2375 autern
709 2309 915 2374 concedimus
937 2309 1005 2372 sino
1021 2330 1098 2392 prae-

70 2406 203 2493 judicio
219 2421 335 2472 sanctae
350 2407 590 2472 consuetudinis
601 2409 727 2471 illarum
739 2408 965 2482 ecclesiarum,
980 2406 1012 2468 in
1024 2405 1098 2490 qui-

75 2503 140 2565 bus
155 2502 305 2566 Officium
328 2504 591 2586 parvum-Beatos
615 2503 722 2566 Mariae
747 2524 874 2587 semper
904 2500 1044 2586 Virginis
1067 2501 1097 2562 in

77 2602 189 2666 Choro
219 2599 282 2664 diei
309 2612 530 2680 consueverat,
565 2604 609 2666 ita
636 2612 672 2665 ut
704 2601 736 2664 in
765 2598 925 2686 praedictis
950 2600 1099 2690 Ecclesiis

77 2705 231 2758 servetur
247 2695 313 2779 ipsa
329 2693 501 2758 laudabilis
514 2707 545 2759 et
566 2707 674 2760 sancta
698 2693 896 2760 consuetudo
913 2693 1097 2757 celebrandi

77 2810 173 2852 more
203 2789 296 2852 solito
319 2786 507 2874 praedictum
533 2789 695 2853 Officium.
719 2789 880 2868 Ceterum,
899 2797 934 2850 ut
959 2807 1098 2872 praescn-

77 2897 130 2950 tes
155 2884 270 2946 litteras
297 2883 446 2946 omnibus
482 2886 608 2968 plenius
643 2885 867 2961 innotescant,
910 2878 1100 2946 mandamus

76 2981 154 3041 illas
181 2976 222 3040 ad
239 2980 347 3042 valvas
370 2978 513 3041 Basilicas
528 2978 686 3063 Principis
701 2978 925 3063 Apostolorum
941 2972 981 3036 de
998 2975 1096 3058 Urbe,

77 3083 112 3136 ct
150 3072 357 3136 Cancellariae
398 3071 602 3158 Apostolieae‚
632 3084 665 3137 et
701 3075 735 3136 in
759 3073 827 3135 acic
862 3070 972 3154 Campi
998 3070 1099 3134 Florae

76 3165 254 3251 publicari,
271 3187 446 3252 earumque
466 3168 630 3251 exemplar
641 3166 682 3229 de
698 3187 786 3229 more
802 3163 899 3249 affigi.
926 3163 1100 3228 Volumus-

79 3282 159 3348 que,
195 3259 421 3345 etApostolica
447 3261 634 3324 auctoritate
665 3259 879 3335 decernimus,
909 3255 994 3343 quod
1029 3271 1101 3343 post

78 3351 268 3438 hujusmodi
303 3354 564 3438 publicationem,
589 3356 644 3440 qui
675 3356 706 3417 in
736 3356 881 3418 Romana·
906 3350 1000 3415 Curia
1026 3364 1099 3418 suut

79 3457 264 3532 praesentes,
292 3445 395 3511 statim
410 3450 500 3533 lapso
516 3439 647 3512 mensor
676 3450 792 3534 reliqui
820 3469 910 3525 vcro,
935 3447 991 3532 qui
1016 3448 1099 3512 intra

80 3553 218 3623 montes,
244 3542 367 3606 tribus:
393 3544 505 3630 etqui
534 3546 615 3608 ultra
645 3544 766 3630 ubique
792 3545 936 3607 locorum
962 3539 1096 3629 degunt,

79 3656 139 3698 sex
160 3635 324 3698 mensibus
347 3638 499 3717 excursis,
515 3638 568 3702 rel
584 3659 657 3701 eum
674 3640 813 3723 primum
825 3634 988 3701 venalium
999 3636 1097 3724 hujus

78 3729 238 3793 Breviarii
256 3731 456 3794 voluminum
477 3733 661 3797 facultatem
678 3733 872 3813 habuerint,
904 3729 945 3794 ed
964 3751 1097 3815 precau-

80 3821 172 3906 dum,
201 3833 233 3886 et
254 3824 468 3908 psallendum,
481 3825 574 3911 juxta
599 3829 684 3891 illius
705 3829 813 3908 ritum,
840 3837 906 3890 tam
929 3827 961 3888 in
978 3826 1095 3905 Choro,

79 3938 179 4003 quam
209 3928 298 3980 extra
324 3919 437 3997 illum,
467 3932 616 3985 maneant
641 3923 785 4009 obligati.
814 3925 958 4007 Ipsarum
989 3932 1095 3986 autem

79 4013 261 4076 litterarum
290 4016 436 4097 exempla
466 4037 564 4082 mauu
609 4019 729 4082 Notarii
766 4017 898 4103 publici,
931 4027 962 4080 et
989 4016 1093 4101 sigillo

79 4106 218 4190 alicujus
239 4109 363 4171 Praelati
381 4109 606 4194 Ecclesiastiei,
625 4125 679 4176 aut
697 4114 781 4177 illius
797 4114 892 4177 euriae
913 4111 1091 4196 obsignata,

76 4201 132 4266 vel
157 4201 254 4264 etiam
283 4202 359 4286 ipsis
385 4205 602 4288 voluminibus
632 4209 752 4295 absque
778 4208 941 4294 praedicto,
958 4207 1011 4271 vel
1030 4205 1093 4269 alio

1154 1417 1377 1529 ‚ww

1150 1512 1255 1608 edlu*
1273 1521 1303 1577 i‘
1323 1555 1331 1580 t
