2806 4736
327 197 369 258 76
743 208 936 258 oumsrmnus

327 317 472 406 Officium
487 312 609 400 quidem
624 319 668 374 cet
683 309 720 372 dc
737 308 867 393 Octava,
884 311 939 375 scd
954 314 1052 377 Micca
1067 323 1111 376 eet
1141 313 1177 376 de
1195 315 1230 378 V
1229 315 1333 398 ipilia5

326 433 398 498 erpo
422 432 458 474 ec
482 410 548 492 ipso
566 404 770 468 Rubricurum
790 409 972 490 praescripto
987 409 1084 471 Missa
1099 409 1133 470 ic
1145 429 1178 472 co
1195 432 1267 473 casn
1281 431 1334 472 raon

325 519 369 572 cet
384 504 552 591 corzformie
570 498 691 587 Officio.
715 499 877 578 Quaeritur
892 511 932 580 10,
963 525 1004 564 ac
1031 523 1103 586 erpo
1132 503 1247 568 Votivn
1271 503 1334 566 cele-

326 601 533 684 braripoterit
545 597 581 660 dc
593 595 628 660 S.
645 597 823 674 Laurentio,
838 599 928 680 rujam
941 599 1101 661 recitatum
1115 610 1159 662 est
1172 598 1335 686 Officium?

325 707 369 772 2⁰,
388 716 428 757 aa
459 691 493 756 V
491 693 574 754 otivu
598 688 634 752 dc
660 690 768 766 Beata,
787 692 876 774 cujus
903 690 1000 753 Misso
1018 689 1055 754 de
1084 691 1118 754 V
1117 691 1207 776 ipiliu
1225 692 1281 754 lcac
1295 693 1334 756 tte

323 782 565 873 praescribitur?

369 885 410 948 R.
431 883 476 945 1⁰.
494 881 588 944 Missa
607 875 648 941 de
665 877 699 942 S.
719 879 893 941 Laurentio
913 878 1030 944 votiva
1047 879 1204 943 celebrari
1222 891 1317 965 potest
1325 905 1332 960 3

203 1010 206 1019 ν
280 1000 287 1026 ·
326 977 459 1057 etenim,
477 975 553 1038 licet
568 971 785 1057 hujusSa'ncti
813 971 853 1036 sit
877 967 1046 1037 recitatum
1069 973 1228 1053 Officium,
1251 976 1334 1038 Missa

325 1083 430 1136 tamen
448 1069 578 1154 propria
594 1065 658 1129 diei
675 1076 723 1130 est
738 1067 832 1131 Missa
855 1067 993 1151 Vigiliae,
1019 1077 1127 1152 utpote
1156 1090 1172 1132 a
1193 1070 1333 1133 Rubricis

325 1167 379 1231 tali
410 1162 474 1228 diei
492 1164 661 1248 assignata.
681 1160 844 1225 Sumenda
859 1172 967 1226 autem
981 1173 1028 1226 est
1045 1163 1138 1226 Missa
1156 1160 1197 1225 do
1211 1163 1331 1242 Octava,

324 1260 381 1326 scd
396 1257 598 1335 sine'Creclo5
614 1278 674 1321 nec
685 1257 896 1342 Evangelium
911 1257 1037 1344 Vigiliae
1053 1259 1206 1322 recitatur
1220 1259 1250 1320 in
1266 1258 1331 1338 fine,

326 1352 382 1420 sed
404 1353 617 1442 Evangelium
634 1353 668 1415 S.
686 1352 818 1414 loannis
838 1361 871 1415 et
896 1350 1015 1415 dicitur
1041 1351 1162 1432 Gloria,
1180 1362 1215 1416 ut
1230 1362 1330 1438 quaest.

326 1447 521 1534 praecedenti
541 1447 736 1533 explicatum
751 1457 810 1509 cst.

370 1545 417 1608 2⁰.
433 1541 548 1622 Quoad
564 1541 714 1609 Votivam
744 1539 784 1603 de
813 1543 924 1615 Beata,
950 1543 1065 1605 melius
1092 1553 1140 1607 est
1169 1553 1205 1607 ut
1220 1540 1333 1605 dicatur

327 1636 422 1700 Missa
437 1636 564 1721 Vigiliae
579 1635 836 1720 Assumptionis3
855 1645 887 1699 et
910 1636 952 1699 ita
979 1638 1128 1701 sacerdos
1156 1638 1333 1703 universalis

326 1731 473 1798 Ecclesiae
488 1732 563 1796 ritui
579 1741 610 1795 ot
625 1731 796 1817 peculiaris
812 1730 916 1793 oneris
930 1730 1137 1814 implemento
1158 1733 1251 1796 simul
1265 1754 1333 1796 con·

325 1826 413 1905 tulit,
428 1825 519 1911 ,juxta
531 1845 718 1910 responsum
734 1825 766 1886 S.
778 1825 819 1888 R.
832 1823 867 1887 C.
880 1824 899 1886 5
911 1824 1109 1908 Septembris
1127 1827 1206 1890 1661
1222 1827 1253 1888 in
1264 1848 1331 1910 prae·

326 1923 407 1988 senti
429 1943 516 2001 casu,
535 1921 622 2008 quod
644 1919 686 1985 ad
703 1920 840 1983 aliorum
859 1919 1050 1983 Sanctorum
1064 1921 1200 2008 Vigilias
1215 1921 1332 1987 uidetur

326 2039 417 2102 posse
432 2014 574 2080 extendi.
1389 2061 1390 2100 3

134 2143 173 2240 χ
370 2111 572 2191 Questtess.
590 2109 667 2188 Qcoe
676 2115 833 2196 precipue
848 2112 984 2175 notanda
994 2122 1068 2174 suut
1080 2111 1183 2196 patocrl
1199 2111 1231 2174 V
1230 2114 1330 2174 otivcm
1389 2109 1390 2130 .

198 2242 230 2316 L,
240 2143 285 2330 ὣ
323 2225 382 2290 pro
397 2226 512 2290 sponsa
529 2216 560 2268 et
572 2226 687 2288 sponsa
702 2205 718 2269 i

365 2303 410 2366 R.
431 2299 632 2386 Sequentia:
653 2302 686 2364 1⁰
704 2301 892 2385 prohibetur
904 2302 970 2365 haec
993 2299 1110 2366 Votiva
1139 2297 1264 2387 quando
1283 2319 1331 2361 nu-

328 2395 400 2479 ptiae
418 2394 642 2480 prohibentur,
660 2394 781 2458 scilicet
796 2407 928 2478 tempore
943 2393 1064 2470 clause,
1077 2391 1167 2479 quod
1182 2393 1278 2456 currit
1291 2391 1326 2454 ab
1388 2411 1389 2436 ³

327 2488 478 2554 Adventu
494 2511 595 2574 usquc
608 2486 648 2551 ad
665 2489 751 2554 diem
767 2491 953 2576 Epiphaniae
969 2489 1126 2554 inclusive
1136 2512 1145 2570 ;
1160 2509 1178 2551 a
1193 2489 1279 2552 Faria
1291 2487 1328 2552 ll

328 2585 479 2648 Cincrum
503 2605 603 2670 usquc
618 2582 658 2646 ad
673 2584 827 2649 Octavam
843 2585 985 2665 Paschae,
1002 2585 1098 2648 etiam
1115 2584 1278 2648 inclusive.
1387 2649 1388 2652 ,

370 2682 466 2744 Extra
478 2692 595 2763 tempus
610 2679 748 2744 clausum
764 2679 827 2744 diei
841 2688 944 2766 potest
955 2681 988 2742 in
998 2681 1090 2743 Festo
1105 2679 1232 2764 Duplici
1245 2679 1327 2742 etiam

327 2774 454 2861 majori,
472 2795 534 2838 non
557 2785 664 2854 autom
680 2775 713 2854 iu
727 2776 853 2860 Dupelii
870 2777 889 2858 2
905 2778 945 2840 el.
966 2777 1019 2840 vel
1055 2775 1157 2838 ltioris
1175 2776 1262 2854 ritus,
1277 2794 1326 2836 ne·

327 2892 390 2955 que
404 2870 465 2932 illis
480 2869 606 2952 diebus,
624 2870 679 2956 qui
695 2871 842 2956 Duplieia
865 2872 885 2933 2
912 2871 954 2934 el.
983 2867 1161 2934 excludunt
1183 2869 1241 2948 (uti
1266 2876 1328 2930 sunt
1386 2947 1387 2950 Ἴ

250 2959 253 2966 ’
328 2963 396 3024 dies
419 2963 501 3025 inira
524 2962 660 3026 Octavus
682 2964 869 3048 Epiphaniae
891 2974 923 3027 ct
953 2964 1158 3027 Pentecostes
1181 2961 1327 3046 hujusque

327 3054 457 3139 Vigilia,
475 3064 506 3118 et
521 3053 589 3118 dics
604 3055 725 3120 Octava
741 3057 889 3141 Corporis
905 3056 1021 3120 Christi
1038 3058 1154 3142 (quaest
1181 3056 1222 3118 56
1239 3065 1268 3117 et
1282 3050 1326 3130 51)

327 3170 433 3234 noque
446 3145 574 3212 tandem
585 3151 616 3212 in
633 3151 807 3215 Dominicis
820 3161 852 3215 et
867 3152 890 3214 F
892 3152 966 3214 estis
981 3150 1021 3212 de
1035 3160 1208 3235 praecepto.

369 3243 414 3305 2⁰.
432 3243 525 3306 Missa
541 3266 599 3328 pro
615 3265 730 3329 sponso
747 3256 777 3308 et
794 3267 921 3329 sponsa,
939 3244 997 3308 etsi
1012 3243 1169 3306 celebrari
1193 3241 1285 3327 possit
1300 3239 1326 3300 iu

327 3336 464 3420 Duplici,
483 3339 628 3424 sequitur
647 3349 755 3402 tamen
768 3339 800 3401 in
817 3339 965 3402 omnibus
983 3347 1129 3400 naturam
1151 3336 1326 3403 Votiuarum

328 3429 538 3513 privatarum,
555 3431 662 3518 quoad
683 3431 803 3510 Gloria,
822 3454 991 3496 numerum
1009 3431 1211 3514 Orationum‚
1230 3428 1325 3506 Credo,
1384 3479 1385 3508 ,

326 3523 552 3587 Praeiationem
578 3535 639 3589 etc.
673 3524 749 3603 Sed,
775 3548 845 3612 quae
870 3527 931 3590 erit
961 3526 1053 3589 tertia
1080 3525 1190 3589 Oratio
1212 3519 1326 3610 quando

327 3614 444 3681 Votiva
457 3619 524 3681 haec
537 3619 719 3684 celebratur
731 3621 762 3682 in
775 3621 867 3684 Festo
879 3619 1018 3706 Duplici,
1029 3617 1116 3705 quod
1130 3636 1325 3703 porsennam

328 3718 450 3774 tantum
482 3711 580 3776 habet
608 3714 820 3778 Orationem?
836 3738 868 3781 v.
897 3738 930 3802 g.
957 3717 982 3778 si
1002 3714 1055 3778 die
1080 3716 1100 3777 4
1122 3714 1276 3794 Octobris,
1300 3711 1326 3772 in

327 3803 419 3867 Festo
440 3807 473 3868 S.
498 3807 656 3873 Francisci
682 3809 875 3874 celebranda
899 3822 946 3875 est
961 3811 1078 3878 Votiva
1097 3831 1155 3894 pro
1177 3830 1287 3894 sponso
1301 3815 1326 3867 et

326 3901 570 3984 sponsa,pr1ma
594 3904 703 3968 Oratio
726 3905 787 3968 erit
802 3905 942 3970 Collecta
967 3905 1096 3990 propria
1117 3903 1213 3989 hujus
1237 3903 1324 3966 Missae

326 3982 461 4068 Votivae,
474 3988 614 4054 secunda
629 3992 662 4055 S.
680 3992 851 4068 Francisei,
870 4002 917 4056 est
931 4014 1002 4079 quae
1022 3991 1083 4056 erit
1099 3991 1217 4054 tertia?
1231 3986 1322 4054 Tertia
1382 4051 1383 4054 Ἴ

326 4076 436 4176 Oratio
455 4081 516 4145 erit
536 4083 589 4148 illa
610 4106 681 4172 quae
697 4087 729 4150 in
747 4087 841 4150 Missa
855 4086 966 4152 Officio
995 4085 1151 4152 conformi
1176 4083 1322 4148 diceretur
