2806 4736
366 237 399 280 ιι(
421 233 572 278 runnrcas
594 231 739 278 urmams.
1017 209 1059 275 77

58 339 187 406 secundo
203 342 285 420 loco,
303 339 329 404 si
345 339 566 404 celebraretur
579 336 645 400 ritu
662 332 895 422 semiduplici,
913 339 1002 426 atqui
1025 340 1057 404 in

59 459 122 502 casu
143 435 306 524 proposito
330 435 356 498 si
385 436 514 500 Festum
530 434 564 497 S.
582 431 744 498 Franciaci
768 452 807 496 eo
829 432 894 498 ritu
923 455 1060 522 perage·

59 543 148 613 retur,
171 528 313 596 secunda
343 530 453 594 Oratio
484 537 566 592 osset
587 527 620 590 A
649 528 777 608 cunctis,
806 529 935 593 namin
961 532 1059 593 Fontis

57 627 302 711 Somidupticibua
317 624 543 689 occurrentibus
559 621 596 686 ob
614 620 731 686 Octavo
756 622 951 687 Pentecosten
966 644 1060 711 usquo

60 719 316 784 addemnatam„
334 719 448 782 dieitur
458 717 590 782 sentinata
608 714 718 780 Oratio
733 714 762 780 A
776 717 898 781 cunctis
910 720 986 804 (Tit.
1000 720 1057 802 lx,

61 837 88 876 n.
101 814 130 894 O)
146 836 223 902 orgo
235 816 267 878 iu
284 815 396 880 Votiva
413 835 470 898 pro
486 832 602 898 sponso
618 821 650 875 et
664 831 778 896 sponsa
794 810 863 876 haeo
876 812 986 879 Oratio
998 815 1061 879 erit

62 911 155 973 tertia.
230 959 235 978 ,

98 1004 140 1069 5⁰.
153 1005 187 1067 Si
216 1013 306 1068 extra
329 1015 446 1087 tempus
462 1001 612 1082 clausum,
631 997 746 1066 diebus
775 1001 937 1089 impeditis
959 1005 1061 1069 beno-

63 1095 197 1161 dicondae
212 1108 287 1162 sunt
310 1098 439 1183 nuptiae,
457 1106 532 1160 tune
553 1094 645 1158 Missa
669 1095 779 1160 Officio
795 1099 966 1163 conformis
981 1105 1062 1176 ueie-

63 1191 165 1255 bratur
179 1214 251 1256 cum
266 1191 573 1256 Commemoratione
591 1190 779 1274 Nuptiarum
796 1204 866 1278 post
896 1194 1063 1262 Orationes

64 1307 79 1348 a
104 1287 252 1352 Rubriois
279 1287 310 1349 in
334 1287 427 1349 Missa
444 1284 509 1348 diei
531 1284 743 1370 prescriptae,
771 1286 827 1349 sed
845 1299 918 1353 arrte
934 1291 1060 1356 Oratio-

63 1401 111 1442 nos
132 1381 314 1465 imperatas.
332 1381 408 1444 Haee
427 1378 695 1444 Commemoratio
721 1400 850 1465 semper
872 1383 941 1447 fiori
965 1384 1063 1452 debet

63 1472 501 1562 subAiQQ-conclusione
528 1475 603 1538 licet
626 1484 773 1538 occurrat
795 1477 923 1542 Festum
939 1482 1065 1567 Du'piex

68 1567 142 1630 luel
158 1569 177 1630 2
192 1570 233 1633 cl.
1018 1609 1021 1614 ·

102 1662 217 1742 Quaest.
244 1664 317 1726 157.
343 1663 421 1742 Qooe
441 1665 536 1726 Misso
559 1660 687 1725 dicenda
707 1673 761 1741 est,
775 1666 806 1726 si
816 1678 940 1748 petatur
953 1668 987 1731 V
984 1671 1066 1732 otioa

64 1761 92 1817 tn
106 1759 276 1838 oratiarum
291 1753 463 1820 actionem?

104 1853 142 1916 R.
160 1852 283 1915 Dicitur
299 1853 391 1916 Missa
408 1850 448 1914 de
475 1851 532 1914 SS.
558 1851 721 1933 Trinitate,
738 1855 790 1918 vel
813 1850 853 1917 de
874 1856 907 1918 S.
932 1857 1065 1940 Spiritu,

67 1949 110 2012 vot
126 1946 164 2010 do
179 1950 218 2012 B.
237 1950 347 2028 Maria,
365 1970 435 2035 quae
449 1947 610 2011 habentur
636 1949 668 2011 in
693 1948 756 2012 fine
787 1949 931 2032 Missalis‚
952 1951 1067 2038 juncta

67 2042 209 2106 Oratione
234 2045 316 2108 Deus
332 2048 421 2130 cujus
442 2042 659 2107 misericordiae
675 2065 736 2107 non
762 2055 805 2108 est
830 2066 988 2125 numerus,
1002 2058 1065 2112 etc.

67 2136 120 2199 sub
141 2158 204 2199 una
231 2140 434 2202 conclusione
457 2158 529 2201 cum
545 2137 696 2202 Oratione
713 2139 835 2214 Missre;
857 2152 893 2205 ut
908 2140 1026 2207 dicitur
1036 2143 1068 2206 in

68 2233 174 2298 Missaii
192 2245 262 2321 post
282 2235 407 2298 Missam
424 2233 572 2297 Votivam
594 2230 634 2296 de
655 2234 712 2296 SS.
737 2234 902 2299 Trinitato.
953 2235 955 2238 ’

105 2329 149 2391 De
165 2329 309 2415 pluribus
320 2329 444 2396 Votivis
459 2328 492 2390 in
506 2327 611 2412 specie
627 2328 749 2410 agitDe
766 2327 880 2413 Hordt,
897 2333 984 2394 Part.
1015 2332 1024 2397 Ι
1050 2354 1069 2396 a

70 2445 96 2485 n.
120 2425 160 2487 59
183 2423 223 2486 ad
235 2425 288 2503 45,
314 2435 348 2487 ut
364 2425 405 2486 de
419 2422 543 2488 Votivis
559 2423 759 2486 inhonorem
777 2425 916 2508 plurium
939 2427 1069 2491 Sancto·

68 2538 144 2598 rum,
162 2519 256 2582 unius
280 2521 331 2582 vel
345 2519 483 2602 plurium
509 2516 747 2601 Apostolorum,
780 2520 1068 2585 Instrumentorum

67 2612 217 2674 Passionis
239 2612 378 2692 Domini,
396 2612 452 2675 SS.
471 2609 581 2674 Cordis
596 2610 684 2692 Josu,
710 2612 743 2675 S.
770 2611 881 2675 Cordis
897 2614 1017 2692 Mariae,
1035 2617 1068 2679 in

68 2705 215 2770 honorem
235 2706 387 2774 Omnium
413 2706 616 2787 Sanctorum,
634 2707 667 2770 S.
688 2706 987 2793 ioannis-Baptistae
1005 2719 1067 2774 etc.

431 2939 704 2966 κ-ᾼΘΟ--ν-

166 3112 296 3177 CAPUT
313 3115 369 3176 Mi.
395 3115 448 3177 DE
470 3113 603 3176 MISSIS
626 3112 711 3177 PRO
734 3107 967 3178 auruncus.

164 3357 191 3450 ξ.
203 3360 247 3429 t.
277 3357 332 3432 De
348 3355 472 3430 Missis
484 3376 554 3450 pro
569 3355 761 3446 Desmontis
779 3358 818 3429 to
835 3377 976 3450 uenere.
1049 3385 1052 3391 ·

345 3629 352 3664 r
493 3594 568 3676 (nr.
590 3593 649 3678 u).

110 3830 225 3892 Praetor
241 3828 349 3890 Missas
364 3824 495 3892 Votivas
510 3832 558 3886 est
573 3831 604 3885 et
623 3812 757 3885 alterum
773 3842 875 3908 genus
890 3823 1068 3906 Missurum,

70 3946 135 4008 qun
163 3933 249 3985 extra
264 3919 418 3986 Ordinem
434 3919 536 3983 Officii
559 3917 763 3980 celebrantur
779 3916 873 4002 juxta
895 3918 1070 3984 Rubrioam

71 4019 320 4105 praeliminarem,
338 4028 369 4081 ot
384 4026 457 4080 sunt
473 4015 572 4078 Missae
596 4034 652 4096 pro
675 4011 838 4075 Defunotis
851 4009 891 4074 de
905 4013 1021 4098 quibus
1038 4016 1068 4077 in

71 4116 128 4178 hoc
145 4113 246 4198 capite
261 4123 309 4177 est
320 4110 492 4198 agendum.

1129 1573 1197 1692 >k
