2754 4740
328 219 485 292 urserauri
508 245 766 290 occurreremus.
993 229 1055 294 195

52 359 192 413 cenatum
208 361 262 432 cst,
281 361 336 413 etc.
356 350 438 414 facta
455 349 544 435 prius
568 357 673 413 tamen
692 346 805 413 Calicis
820 347 992 429 oblatione,
1019 363 1055 416 ut

51 464 154 528 supra.

89 540 143 602 ii.
167 540 201 603 Si
216 541 364 606 sacerdos
380 549 507 605 evomat
526 537 770 621 Eucharistiam,
797 538 822 602 si
845 539 965 624 specics
977 539 1055 605 intc-

50 660 110 723 grae
137 651 322 724 appareant,
348 649 535 706 reverenter
550 647 730 718 sumantur,
761 639 819 702 nisi
846 660 963 702 nausea
978 638 1053 703 fiai:

47 738 212 800 tunc-enim
231 738 353 822 species
369 745 560 801 consecratae
577 744 669 797 caute
692 745 880 820 separentur
902 746 932 800 ct
946 736 978 798 in
994 738 1052 800 aii·

45 852 104 914 quo
119 833 287 895 locosacro
300 840 506 916 reponantur,
516 827 621 893 donec
630 839 887 915 corrumpantur,
899 839 931 894 et
943 840 1052 915 postea

46 925 73 986 in
95 928 269 990 sacrarium
292 927 514 1013 projiciantur.
546 922 640 1005 Quod
668 925 693 988 si
721 927 841 1012 specics
862 948 925 989 uon
952 948 1050 1014 appa-

44 1031 140 1104 reant,
164 1023 372 1085 comburatur
389 1023 536 1102 vomitus,
551 1029 583 1082 et
598 1019 720 1086 cineres
735 1022 768 1084 in
780 1022 953 1086 sacrarium
975 1023 1050 1085 mit-

44 1125 157 1179 tantur.

86 1213 136 1275 15.
162 1213 196 1275 Si
212 1213 324 1276 Hostia
340 1223 533 1295 consecrata,
557 1213 609 1275 vel
625 1212 731 1298 aliqua
748 1212 818 1298 ejus
836 1216 988 1298 particula
1004 1215 1049 1280 di·

43 1308 164 1371 labatur
189 1311 222 1371 in
246 1319 375 1388 terram,
399 1317 584 1372 reverenter
606 1307 792 1393 accipiatur,
821 1320 852 1372 et
881 1310 969 1374 iocus
993 1311 1048 1375 ubi

40 1405 162 1487 eccidit,
173 1404 358 1484 mundetur,
367 1406 638 1493 etaliquantuium
647 1403 830 1484 abradatur,
838 1417 869 1470 et
878 1408 981 1491 pulvis
993 1429 1048 1470 scu

41 1499 160 1563 abrasio
180 1498 366 1586 hujusmodi
391 1499 422 1561 in
448 1501 622 1564 sacrarium
635 1499 836 1564 immittatur.
852 1503 885 1564 Si
897 1499 1050 1564 ceciderit

40 1604 121 1656 extra
137 1595 313 1678 Corporale
327 1593 358 1654 in
377 1615 536 1678 mappam,
555 1615 611 1656 seu
623 1592 685 1655 aiio
709 1593 931 1678 quovismodo
944 1594 976 1656 in
991 1596 1049 1658 ali-

39 1688 118 1773 quod
137 1691 289 1766 iinteum‚
318 1710 433 1774 mappa
449 1692 500 1754 vel
525 1689 657 1752 linteum
680 1687 865 1772 hujusmodi
879 1688 1050 1776 diiigenter

40 1787 172 1861 iavetur,
190 1795 221 1848 et
238 1785 314 1846 lotio
329 1785 395 1869 ipsa
412 1785 443 1846 in
460 1783 634 1848 sacrarium
651 1780 845 1847 effundatur.

77 1881 129 1942 16.
154 1875 297 1943 Possunt
319 1879 413 1942 etiarn
430 1878 574 1943 deiectus
592 1879 624 1940 in
641 1878 816 1942 ministerio
845 1881 913 1965 ipso
940 1903 1047 1946 occur-

37 1997 114 2052 rere,
132 1976 158 2038 si
181 1973 329 2038 sacerdos
350 1976 474 2060 ignoret
498 1977 577 2039 ritus
600 1984 633 2038 et
647 1977 850 2039 ceremonias
863 1978 945 2062 ipsas
962 1978 991 2040 in
1010 2000 1048 2041 eo

36 2069 210 2135 servandas
226 2093 234 2133 :
266 2070 306 2133 de
322 2072 438 2157 quibus
452 2073 600 2135 omnibus
616 2071 651 2136 in.
665 2073 884 2157 superioribus
897 2063 1060 2139 Rubricis‘

36 2167 158 2252 copiose
186 2165 382 2230 dictumest.
