2806 4736
330 197 372 260 844
736 214 927 266 4444444444

329 341 405 405 4444,
421 329 564 415 quinque
582 330 633 392 vel
648 337 770 412 septem
789 327 959 393 Orationes
980 328 1056 414 (Tit.
1072 330 1112 412 V,
1133 351 1165 393 n.
1183 331 1321 413 5‚1tt,n.

329 422 384 506 14)
399 434 473 488 4444
488 422 575 486 enim
591 423 671 487 ritus
684 422 858 508 Simplicis.

370 513 487 590 Quasi.
508 515 583 579 144.
601 519 639 579 Iu
657 517 768 600 quibus
783 519 887 580 Missis
903 515 966 579 dici
979 515 1062 579 debet
1078 517 1153 580 Dies
1168 516 1244 582 irae?

370 614 413 677 R.
438 613 535 674 Prosa
558 611 632 674 Dies
660 613 716 674 iroe
743 611 872 674 recitari
896 607 994 674 dehet
1023 611 1270 696 quandocumque
1294 615 1321 674 iu

275 697 300 728 '⁶
327 709 424 769 Missa
435 706 550 767 dicitur
560 728 625 768 uua
639 716 760 768 tautum
772 704 894 785 Oratio,
910 706 942 767 iu
959 705 1031 769 aliis
1048 716 1149 768 autem
1165 708 1263 769 Missis
1272 727 1322 788 pro

330 800 489 886 Defunctis
516 800 637 864 dicatur
664 800 705 862 444
734 800 898 864 arbitrium
915 802 1080 864 sacerdotis
1096 801 1171 886 (Tit.
1183 801 1222 883 V,
1238 821 1266 864 4.
1282 800 1319 882 b).

352 994 377 1086 4.
409 995 442 1064 2.
472 995 527 1067 De
543 991 658 1066 Μ4444
676 991 715 1066 iu
732 992 794 1066 4444
813 991 940 1070 Obitus
956 1013 1021 1067 444
1043 993 1296 1092 Depositiom'r.

571 1179 647 1261 (Rit.
664 1179 761 1242 Rom.
779 1186 811 1240 et
825 1177 859 1240 S.
877 1179 919 1242 R.
937 1177 972 1242 C.
990 1177 1092 1261 decr.)

370 1377 488 1457 Quaest.
508 1372 583 1437 145.
605 1371 690 1451 Quid
706 1370 894 1454 iutellipitur
906 1391 962 1454 per·
977 1371 1064 1456 diem
1079 1371 1194 1436 Obitus
1207 1392 1258 1434 seu
1271 1371 1322 1433 De·

325 1467 517 1556 positionis?

369 1568 411 1631 R.
436 1562 631 1648 intelligitur
648 1582 712 1625 non
730 1569 854 1624 tanturn
874 1558 954 1642 dics,
968 1582 1033 1646 quo
1053 1560 1229 1625 Defunctus
1244 1561 1322 1640 obiit,

326 1662 378 1725 vel
401 1681 464 1747 quo
477 1679 591 1742 corpus
608 1679 687 1730 curn,
698 1654 848 1740 precibus
868 1656 1030 1719 consuetis
1046 1666 1139 1720 terrae
1155 1653 1321 1734 mandatur,

325 1753 390 1820 sed·
400 1754 495 1817 etiarn
510 1752 604 1837 pauci
617 1751 686 1813 dies
704 1747 900 1830 intermedii,
915 1748 997 1813 adeo
1010 1761 1046 1815 44
1061 1761 1164 1814 totum
1188 1749 1322 1838 spatium,
1390 1791 1391 1826 ,

326 1847 413 1936 quod
430 1859 566 1911 mortem
586 1847 669 1910 inter
692 1855 724 1908 et
747 1846 944 1929 sepulturam
968 1844 1151 1927 intercedit,
1175 1853 1326 1929 reputetur
1390 1833 1391 1846 ¹

251 2007 253 2012 ,
327 1947 358 2007 44
375 1945 518 2008 lavarem
531 1943 679 2006 Deluneti
703 1951 866 2026 tamquam
883 1963 966 2006 unus
981 1941 1062 2005 dies.
1079 1944 1181 2006 Porro
1193 1941 1281 2003 Missa
1292 1936 1325 2000 do

326 2041 482 2125 Requicm,
501 2060 571 2124 quae
586 2038 648 2101 hoe
663 2036 816 2120 temporis
832 2037 933 2121 spatio
949 2060 1006 2122 pro
1022 2028 1182 2100 Defuncto
1195 2034 1325 2098 celebra·

326 2143 389 2212 tur,
413 2143 547 2197 uocatur
562 2135 754 2216 Exequiatis.

369 2227 482 2307 Quaest
507 2228 581 2291 146.
610 2226 731 2305 Quibus
750 2227 856 2292 diebus
882 2227 1061 2313 prohibetur
1077 2231 1175 2292 Missa
1196 2225 1325 2290 4444444444

324 2320 539 2408 Exequialis?

280 2435 286 2452 ·
368 2420 410 2481 R.
428 2417 524 2480 Pauci
541 2414 716 2480 admodum
729 2429 801 2482 sunt
818 2419 887 2482 dics
901 2419 932 2481 in
949 2418 1066 2504 quibus
1082 2417 1177 2480 Missa
1193 2418 1244 2480 illa
1260 2435 1325 2500 pro-

325 2511 465 2589 hibetur,
484 2511 559 2596 quia
572 2511 713 2574 Ecclesia
729 2513 762 2573 in
780 2514 861 2576 votis
877 2513 1014 2574 maxime
1026 2510 1127 2575 habet
1141 2522 1178 2574 ut
1190 2519 1326 2595 prasente

325 2628 449 2689 corpore
465 2607 614 2691 Destructi
628 2606 785 2669 celebrari
802 2607 913 2692 possit.
933 2607 1018 2676 Dicit
1029 2606 1115 2668 enirn
1128 2606 1325 2670 RitualeRo-

243 2743 247 2750 -
325 2718 478 2762 manum:
510 2696 601 2776 Quod
616 2701 830 2783 antiquissimi
858 2711 902 2763 444
927 2697 1164 2763 iustitutiillud
1187 2709 1324 2783 quautam

323 2793 395 2876 [ieri
404 2796 518 2875 poterit
532 2796 713 2872 retineatur,
728 2807 763 2858 ut
788 2798 884 2860 Missa
907 2806 1058 2878 praesente
1080 2815 1205 2878 corpore
1219 2793 1325 2880 Deseru-

325 2890 367 2950 eti
384 2909 442 2970 pro
466 2908 498 2950 eo
521 2887 686 2950 celebretur
712 2900 876 2974 autequam
897 2888 1065 2972 sepulturae
1088 2888 1240 2966 tradatur,
1254 2884 1323 2949 adeo

326 2993 360 3045 ut
371 2983 465 3068 juxta
480 2983 608 3046 Rituale
624 3004 737 3066 mapua
755 2995 878 3048 tantum
892 2983 1119 3047 dieicelebritus
1131 2981 1247 3045 obstare
1260 3000 1323 3064 pos·

257 3085 259 3088 '
325 3078 367 3139 sit
379 3076 550 3161 quominus
562 3078 744 3162 Exequialis
761 3079 855 3141 lllissa
876 3077 1070 3144 celebretur.
1087 3074 1175 3156 Quid
1191 3096 1264 3140 vero
1285 3074 1323 3135 in·

301 3220 304 3226 .
326 3170 489 3256 telligatur
515 3192 573 3254 per
599 3193 743 3255 mappam
766 3175 828 3238 44444
852 3173 1064 3250 celebritatem,
1082 3168 1325 3234 determinarunt
1388 3227 1389 3240 ,

326 3264 359 3327 S.
374 3265 417 3329 R.
435 3264 469 3328 C.
487 3261 616 3328 decreta
632 3266 713 3330 infra
729 3267 835 3345 citata,
846 3268 941 3354 juxta
971 3287 1043 3352 quae
1069 3263 1163 3327 Missa
1185 3263 1323 3327 solemnis

325 3359 506 3510 Exelprpatlis
521 3361 643 3444 quaudo
662 3383 772 3445 corpus
788 3363 936 3450 Defuncti
956 3373 1144 3444 estprureus
1157 3358 1324 3424 induciaria

327 3468 383 3531 pro
411 3469 418 3508 4
445 3467 533 3510 eur:
894 3496 897 3502 .

369 3542 413 3604 l⁰.
432 3541 528 3604 Sacro
553 3538 671 3622 triduo,
689 3543 751 3606 hoc
766 3554 813 3608 444
827 3543 919 3607 Feria
932 3544 973 3626 V,
990 3543 1035 3610 VI
1058 3550 1090 3604 et
1105 3540 1244 3605 Sabbata
1269 3559 1324 3602 rna·

320 3634 402 3719 joris
417 3633 636 3699 Hebdomadae
652 3637 700 3716 (S.
717 3639 758 3702 R.
779 3638 814 3702 C.
829 3639 870 3703 16
885 3637 1004 3724 Aprilis
1034 3635 1116 3700 1851
1147 3645 1179 3699 et
1205 3636 1245 3700 25
1269 3633 1322 3698 Mai

323 3835 325 3841 '
366 3823 413 3887 2⁰.
425 3823 460 3884 ln
473 3823 573 3886 Festis
585 3826 773 3910 Duplicibus
784 3829 815 3892 t.
831 3831 886 3906 ol.‚
900 3851 971 3915 qnae
982 3828 1175 3892 festivantur
1190 3847 1243 3890 seu
1260 3843 1321 3910 qua

324 3917 398 3970 sunt
418 3907 458 3970 de
485 3932 586 3994 praere
613 3899 865 3999 ffiiiifff
877 3917 969 3980 Festa
984 3926 1091 3980 antem
1114 3911 1155 3976 de
1177 3921 1322 3998 precepto
1387 3909 1388 3934 ¹

325 4002 373 4083 (in
389 4003 517 4087 Belgio)
535 4014 647 4086 44444444
662 3938 784 4072 Pascba
808 4020 841 4074 et
865 4012 1087 4085 Pentecosten,
1105 4017 1180 4071 sunt
1195 4015 1321 4092 quatuor

324 4097 509 4182 sequentia:
526 4099 657 4191 Festum
668 4104 846 4170 Natiuitatis
862 4115 893 4170 et
907 4105 1109 4171 Ascensionis
1124 4105 1261 4185 Domini,
1272 4099 1319 4164 As·
