2750 4738
279 115 342 176 1:22
736 131 841 171 autern

279 239 352 301 novi
371 239 484 300 all'erre
509 235 692 300 videantur.
721 235 846 298 lllissale
870 235 990 318 itaque,
1010 232 1098 318 quod
1116 232 1203 294 idem
1217 230 1286 294 Pius

278 332 322 393 V.
338 329 496 408 ediderat,
519 329 565 392 sic
587 327 801 413 recognitum,
826 326 858 388 in
884 335 991 388 nostra
1007 326 1220 410 typographia
1232 325 1287 389 Va-

278 423 381 488 ticana
405 445 502 508 quam
526 419 783 485 emendatissime
807 419 947 503 imprimi
969 429 1001 481 et
1023 417 1064 482 ad
1090 439 1288 482 communem

261 517 447 582 lutilitatem
475 516 633 600 publicari
655 515 823 599 jussimus.
850 515 892 576 Ut
914 524 1022 576 autem
1047 513 1134 576 illius
1156 535 1233 576 usus
1259 513 1287 573 in

278 613 426 676 omnibus
442 611 606 674 christiani
621 611 707 674 orbis
722 609 880 695 partibus,
898 609 1062 692 perpetuis
1078 608 1195 670 futuris
1212 619 1288 670 tem-

279 707 410 788 poribus
425 714 644 784 conservetur,
663 704 766 788 ipsum
784 703 908 765 Missale
926 702 958 763 in
978 702 1063 764 alma
1077 701 1164 762 Urbe
1185 712 1288 764 nostra

279 802 311 863 in
326 799 438 863 eadem
451 798 663 884 typographia
678 807 815 874 tantum,
826 806 858 858 et
872 817 936 859 nun
952 795 1030 858 alibi
1047 796 1188 878 imprimi
1202 815 1288 879 posse

278 893 503 959 decernimus:
521 903 611 956 extra
626 893 747 956 Urbem
763 913 841 956 vero
852 891 946 976 juxta
962 893 1128 974 exemplar
1150 891 1183 952 in
1208 890 1287 954 dicta

279 989 489 1075 typographia
506 1009 592 1050 nunc
606 985 740 1066 editum,
759 998 790 1050 ct
803 1007 868 1049 non
880 988 973 1048 aliter
987 987 1048 1048 hac
1064 987 1134 1074 lege
1151 985 1287 1070 imprimi

279 1103 369 1165 posse
385 1082 612 1167 permittimus,
631 1091 666 1143 ut
681 1081 833 1143 nimirum
857 1079 1063 1166 typographis
1084 1081 1288 1164 quibuscum-

277 1197 340 1262 que
356 1176 435 1240 illud
449 1176 633 1258 imprimere
646 1176 840 1255 volentibus,
856 1174 889 1237 id
900 1177 1006 1238 facere
1018 1176 1124 1255 liceat,
1138 1176 1289 1260 requisita

278 1281 384 1333 tamen
400 1270 501 1354 prius,
526 1277 558 1331 ct
581 1270 614 1330 in
637 1269 764 1354 scriptis
790 1270 922 1332 obtenta
944 1267 1135 1332 dilectorum
1151 1270 1288 1333 filiorum

277 1365 507 1450 Inquisitorurn
531 1364 689 1428 haereticae
715 1364 880 1448 pravitatis
897 1364 929 1425 in
952 1365 990 1425 iis
1015 1365 1106 1446 locis,
1125 1364 1287 1450 inquibus

277 1459 409 1539 luerint,
426 1458 483 1521 ubi
499 1478 577 1521 vero
598 1479 663 1520 non
679 1459 809 1536 luerint,
830 1455 1075 1521 Ordinariorum
1092 1461 1237 1522 locorum
1252 1459 1288 1520 li·

278 1552 405 1616 ceittia:
438 1552 581 1636 alioquin
608 1553 633 1614 si
658 1552 779 1636 absque
807 1549 996 1636 hujusmodi
1017 1553 1149 1615 licentia
1169 1550 1286 1615 dictum

278 1647 403 1709 Missale
426 1646 487 1709 snb
502 1667 705 1730 quacumque
721 1647 825 1709 [orma
841 1646 881 1707 dc
895 1657 1002 1709 cetero
1019 1647 1077 1730 ipsi
1094 1647 1285 1730 imprimere,

278 1751 333 1803 aut
348 1740 533 1824 bibliopolae
549 1740 691 1803 vendere
706 1741 979 1824 praesumpserint,
996 1741 1186 1824 typographi
1200 1750 1233 1802 ct
1247 1740 1288 1801 bi-

277 1837 426 1919 bliopolae
439 1846 527 1898 extra
541 1837 665 1898 Statum
676 1846 821 1898 nostrum
836 1835 1093 1899 Ecclesiasticum
1107 1836 1284 1913 existentes,

278 1930 616 1994 excommunicationis
638 1931 710 1992 latae
731 1930 916 2008 sententiae,
933 1950 951 1991 a
972 1949 1036 2013 qua
1049 1929 1110 1990 nisi
1127 1950 1145 1991 a
1160 1949 1286 1991 romano

277 2023 444 2102 Pontifice,
469 2035 684 2108 praeterquam
708 2024 741 2085 in
763 2025 875 2087 mortis
889 2024 1024 2086 articulo
1041 2024 1215 2102 constituti,
1233 2021 1286 2084 ab·

278 2115 359 2179 solvi
384 2125 548 2200 nequeant
557 2139 566 2198 3
592 2117 624 2178 in
649 2119 732 2180 alma
759 2138 838 2180 vero
861 2117 960 2194 Urbe,
986 2137 1022 2178 ac
1047 2116 1173 2200 reliquo
1201 2117 1287 2178 Statu

277 2210 499 2274 Ecclesiastico
535 2221 788 2291 commorantes,
820 2213 1072 2296 quingentorum
1102 2208 1286 2272 ducatorum

279 2304 348 2366 auri
372 2302 412 2365 de
429 2303 574 2385 Camere,
592 2326 629 2368 ac
644 2305 823 2368 amissionis
838 2306 995 2368 librorum
1011 2314 1043 2368 ct
1059 2313 1206 2388 typorum
1222 2323 1287 2366 om·

278 2396 369 2458 nium
395 2395 535 2459 Gamerae
561 2396 720 2480 praedictae
746 2396 1010 2482 applicandorum
1035 2418 1145 2481 poenas
1171 2399 1286 2483 absque

279 2491 341 2554 alia
365 2489 580 2554 declaratione
606 2493 869 2557 irremissibiliter
895 2493 1060 2556 incurrant
1086 2515 1125 2555 eo
1145 2493 1233 2577 ipsc:
1258 2502 1287 2554 ct

279 2586 487 2648 nihilominus
503 2585 692 2650 eorumdem
709 2589 882 2654 Missalium
896 2609 955 2672 per
970 2609 1024 2650 cos
1039 2585 1080 2648 de
1096 2597 1203 2650 cetero
1217 2587 1286 2650 abs-

280 2699 342 2761 que
357 2676 544 2760 hujusmodi
561 2679 690 2742 licentia
718 2679 1005 2765 imprimendorum
1027 2691 1082 2743 aut
1104 2677 1286 2744 vendendo·

280 2792 352 2834 rum
368 2792 461 2834 usum
474 2772 596 2857 ubique
612 2775 757 2838 locorum
770 2787 802 2838 et
817 2776 961 2862 gentium
978 2776 1038 2838 sub
1054 2774 1175 2848 eisdem
1192 2775 1285 2859 poeuis

281 2875 436 2948 perpetuo
454 2861 675 2931 interdicimus
688 2880 720 2933 ct
735 2872 956 2954 prohibemus.
977 2871 1041 2954 Ipsi
1056 2880 1165 2932 autem
1180 2869 1286 2954 Inqui-

281 2959 404 3037 sitorcs,
434 2980 490 3020 seu
517 2958 679 3023 Ordinarii
706 2965 872 3040 locorum,
902 2974 1074 3048 antequam
1104 2959 1284 3048 hujusmodi

281 3051 442 3113 licentiam
457 3051 645 3135 concedant,
664 3056 801 3120 Missalia
817 3059 858 3120 ab
873 3059 948 3141 ipsis
961 3057 1168 3142 typographis
1179 3057 1285 3139 impri-

283 3143 411 3224 menda,
429 3156 460 3208 ct
476 3157 645 3231 postquam
672 3151 827 3234 impressa
848 3153 981 3228 suerint,
1000 3172 1074 3214 cum
1095 3151 1161 3214 hoc
1176 3149 1284 3213 Missali

284 3239 469 3303 auctoritate
485 3251 593 3305 nostra
607 3246 784 3330 recognita,
809 3257 841 3310 et
862 3269 948 3310 nunc
963 3248 1130 3328 impresso,
1155 3243 1286 3328 diligen-

284 3331 402 3396 tissime
424 3335 602 3414 conferant,
626 3340 741 3401 necin
765 3341 827 3404 illis
848 3339 971 3426 aliquid
987 3339 1061 3402 addi
1088 3342 1142 3402 vel
1169 3336 1284 3402 detrahi

283 3425 480 3508 permittant,
498 3449 557 3490 nec
575 3429 607 3490 in
631 3433 800 3512 praemissis
822 3444 978 3517 praetextu
1004 3433 1135 3496 incuriae
1151 3443 1287 3517 typogra-

285 3518 433 3600 phorum,
452 3529 507 3608 aut
524 3541 587 3584 non
604 3523 694 3586 iactae
706 3547 766 3610 per
781 3538 979 3592 correctores
994 3529 1046 3590 vel
1063 3527 1143 3590 alios
1166 3528 1205 3588 ab
1219 3523 1287 3608 ipsis

284 3611 417 3674 forsitan
429 3609 631 3696 deputandos
644 3615 831 3705 diligentia,
848 3644 881 3684 se
894 3624 1002 3707 aliquo
1015 3620 1112 3684 modo
1129 3639 1285 3697 excusare,

285 3703 437 3790 quodque
454 3707 487 3768 in
504 3708 720 3794 infrascriptae
735 3737 843 3797 poenas
859 3737 922 3778 non
937 3716 1142 3795 incurrerint,
1157 3717 1287 3798 allegare

285 3799 431 3879 valcant3
448 3809 480 3862 et
499 3801 531 3864 in
548 3803 614 3886 ipsa
630 3805 758 3872 licentia
781 3811 927 3896 originali
951 3809 1178 3873 decollatione
1200 3809 1285 3883 lacta,

287 3901 318 3954 et
333 3889 420 3976 quod
436 3897 565 3959 omnino
582 3900 790 3982 concordent,
816 3925 913 3966 manu
935 3904 1063 3988 propria
1083 3912 1286 3978 attestentur,

285 3986 378 4071 cujus
393 3987 529 4054 licentiae
545 3994 635 4077 copia
658 3993 748 4058 initio
762 3999 812 4062 vel
836 3999 869 4060 in
885 4001 971 4063 calce
994 3995 1151 4082 cujusque
1164 3983 1287 4058 Missalis
