2806 4736
1371 28 1379 174 l

263 259 267 268 .
335 209 404 272 ltu
773 227 944 272 onurronrrs

334 333 396 396 Tit.
414 334 471 416 IV,
489 355 508 396 u
525 333 557 415 t,
582 330 717 396 tolidem
740 340 968 418 supponuntur
998 326 1124 408 adesse,
1156 353 1228 397 cnm
1255 355 1321 419 pre·

333 428 493 492 scribatur
507 427 589 492 trine
608 427 783 493 incensatio
799 428 840 492 ab
853 436 991 512 utraque
1006 435 1097 511 parte
1120 425 1236 492 Altaria
1250 439 1327 516 prout
1379 471 1380 504 p

334 521 573 588 distribuuntur
584 521 791 587 candelabra.
805 523 952 604 Quatuor
963 532 1068 585 tamen
1082 520 1115 582 in
1127 521 1229 587 Missis
1240 525 1326 587 minus

333 619 531 683 solemnibus
544 617 640 681 etiem
656 616 806 684 adhiberi
823 619 937 698 solent,
952 613 1007 679 sed
1021 625 1053 678 ct
1066 616 1173 700 plures
1184 638 1273 704 quam
1283 639 1327 681 sex

334 713 433 778 etism
448 710 581 778 sucendi
599 723 744 796 possunt,
761 711 859 776 modo
873 733 935 776 non
950 712 1034 774 ultra
1048 731 1104 773 sex
1116 711 1149 774 in
1163 712 1244 777 linea
1256 723 1325 777 reete

334 818 507 893 ponantur.
527 809 574 872 De
591 807 707 872 Herdt.
917 823 919 828 ·
1380 869 1381 882 ,

378 901 470 967 Cerei
487 924 544 966 seu
561 901 704 968 candelae
724 904 878 969 conlectae
895 925 963 967 esse
981 900 1102 966 debent
1118 923 1158 968 ex
1172 925 1255 983 uera,
1276 925 1326 966 non

335 1019 374 1062 ex
390 999 480 1078 sebo,
498 1019 603 1084 neque
626 999 672 1062 uti
702 1000 779 1064 lieet
795 997 938 1064 candelis
954 1009 988 1063 ut
1002 1007 1157 1063 secantur
1185 997 1325 1073 stearinis,

335 1093 395 1157 nisi
411 1091 451 1158 ad
468 1092 652 1180 augendam
670 1094 906 1159 solemnitatem
933 1115 1030 1179 supra
1047 1113 1218 1158 numerum
1232 1113 1328 1158 cereo·

336 1212 406 1254 rum
423 1190 614 1278 requisitum
631 1189 860 1256 adhibeantur.

670 1425 1020 1490 ...W-

676 1685 1008 1774 ORATIONES
1249 1671 1251 1676 ⁵

575 1961 822 2028 unuomrun
845 1961 1107 2028 nncrrlunrs.
1181 1937 1184 1941 ’

340 2254 535 2330 Orationes
551 2253 717 2331 dicendae
732 2279 816 2331 curu
831 2255 1008 2332 Sacerdos
1033 2261 1203 2335 induitur
1221 2279 1325 2334 succr-
1383 2305 1384 2312 κ

619 2367 802 2439 dotalibus
810 2369 1058 2460 paramentis.

380 2643 412 2706 l.
429 2642 577 2708 Sacerdos
594 2665 662 2708 curu
678 2643 761 2707 locat
773 2666 884 2709 tracuus
899 2645 991 2710 dicit:
1006 2649 1064 2729 De,
1079 2650 1226 2730 Domine,
1243 2649 1329 2715 virtu·

337 2746 400 2800 tem
418 2739 567 2803 manibus
579 2739 659 2803 meis
675 2737 716 2802 ad
731 2739 988 2826 abstergendam
1009 2764 1137 2808 omnem
1165 2746 1326 2809 maculem:

337 2839 371 2894 ut
385 2831 453 2896 sine
468 2835 648 2917 pollutione
660 2835 776 2900 mentis
792 2845 824 2900 et
834 2837 978 2922 eorporis
993 2840 1120 2904 valeam
1136 2841 1195 2905 tibi
1209 2839 1326 2904 servire.

379 2927 478 2991 t.At
503 2928 674 3012 Amictum,
698 2931 770 2994 dum
789 2934 921 3014 ponitur
945 2954 1038 3018 super
1064 2948 1167 3019 caput.
1198 2938 1326 3019 Impone,

335 3020 482 3104 Domine,
495 3025 591 3110 capiti
606 3046 678 3089 meo
691 3027 816 3112 galeam
835 3028 957 3106 salutis,
975 3026 1016 3092 ed
1032 3029 1258 3116 expugnandos
1272 3026 1328 3090 dia·

217 3191 219 3198 Ι
334 3112 457 3179 bolicos
473 3117 633 3185 incursus.

380 3210 413 3274 5.
429 3211 484 3275 Ad
497 3213 623 3296 Albam,
641 3237 709 3280 euru
728 3217 933 3302 reinduitur.
950 3221 1073 3287 Dealba
1099 3244 1165 3300 me,
1193 3218 1325 3293 Domine,

335 3305 502 3373 sumunda
518 3331 718 3376 cormeum:
744 3325 778 3378 ut
801 3314 835 3378 in
861 3315 1017 3404 sanguine
1047 3316 1132 3404 ligni
1163 3313 1325 3388 dealbatus,

333 3400 460 3491 gaudiis
475 3406 623 3489 perfruar
637 3409 852 3498 sempiternis.
972 3465 974 3469 .

377 3498 410 3561 4.
427 3497 481 3560 Ad
498 3498 681 3586 Ciupulum,
697 3503 771 3567 duur
784 3525 814 3568 se
825 3508 933 3590 u'upit.
945 3506 1108 3593 Proecinge
1122 3503 1324 3588 me,Dominer

333 3591 461 3678 cingulo
475 3597 634 3681 puritatis,
657 3609 689 3662 et
705 3600 858 3686 extingue
875 3601 909 3663 in
933 3601 1052 3666 lumbis
1075 3603 1154 3665 meis
1174 3601 1325 3665 humorem

332 3684 488 3766 libidinis,
506 3699 542 3753 ut
556 3701 684 3758 maneat
707 3695 738 3757 iu
762 3716 813 3758 me
836 3697 937 3760 virtus
953 3697 1168 3780 continentie,
1195 3706 1225 3761 et
1248 3687 1326 3757 easti-

333 3779 417 3842 tatis.

377 3871 409 3934 5.
423 3874 477 3936 Ad
513 3879 721 3966 Mouiprdum‚
745 3885 817 3950 dum
852 3887 1024 3972 imponitur
1053 3885 1175 3950 tractio
1196 3884 1322 3949 sinistro.

333 3965 471 4047 Mereor,
488 3971 635 4059 Domine,
653 3989 783 4064 portare
813 3983 1015 4067 manipulum
1041 3981 1135 4046 fletus
1150 3989 1182 4044 et
1201 3974 1322 4044 doloris:

333 4070 370 4126 ut
385 4081 458 4128 eum
473 4069 668 4136 exultatione
684 4075 836 4162 recipiam
849 4074 1033 4142 mercedem
1046 4075 1178 4140 laboris.
