2806 4736
433 189 464 229 rr
489 185 644 230 nuunrcns
665 185 812 228 ursanus.
1079 170 1128 252 -81

118 351 121 358 .
151 295 198 359 5⁰.
224 293 456 374 Postulatiooc,
467 311 539 377 quac
553 288 703 354 Collectoe
719 287 880 374 praecipua
895 310 970 375 pars
985 302 1045 377 est,
1056 315 1131 381 cop·

111 388 229 456 tinetur
249 388 351 476 gratia
366 407 424 451 seu
435 383 631 449 beneficium
642 377 730 467 quod
746 401 764 445 a
780 381 848 446 Deo
864 385 1018 469 poscitur,
1050 398 1130 476 puta

109 483 298 549 liberatica
324 479 474 568 peccatis,
500 475 623 566 ereptio
652 493 671 538 a
709 474 873 558 periculis,
900 478 975 544 vitea
1004 491 1130 546 aterno

109 575 249 665 adeptio,
267 588 472 650 terrenorum
487 579 701 655 contemptus,
719 565 995 659 donocharitatis,
1020 575 1131 640 bumi-

109 672 215 758 litatir,
245 670 407 759 patientiae
430 677 493 732 etc.
519 663 720 751 Exprimitur
744 661 931 747 hujusmodi
955 661 1129 754 postulatio

109 766 194 832 hisce
210 770 401 853 plerumque
418 762 546 828 verbis:
564 757 701 842 concede,
713 757 765 840 da,
783 757 912 846 largire,
926 773 1056 849 praeta,
1071 768 1130 830 tri·

109 859 175 944 brae,
188 881 377 948 quaeamus,
394 867 459 923 etc.

150 957 372 1022 Pulcherrima
393 948 567 1039 aliquando
598 959 645 1014 cst
662 950 693 1014 in
710 946 924 1036 postulatione
946 951 1061 1017 allusio
1087 951 1131 1018 ad

106 1046 138 1112 id
155 1046 242 1136 quod
253 1050 285 1112 in
302 1048 477 1135 gratiarnm
493 1045 618 1109 actione
645 1044 707 1108 luit
731 1052 957 1109 memoratum.
973 1067 1007 1111 v.
1029 1069 1063 1134 g.
1091 1049 1126 1113 in

107 1144 200 1209 Festo
214 1145 249 1208 S.
265 1143 353 1209 Petri
372 1140 414 1206 ad
440 1139 611 1204 vinculat
636 1135 785 1224 Augusti,
813 1135 847 1198 in
873 1136 1127 1227 Transfigatione

93 1235 501 1325 ‘Dominibdngustietc
1019 1295 1024 1305 ,
1056 1305 1058 1308 ¹

149 1333 196 1398 4⁰.
213 1332 399 1398 Obsecratio
411 1329 587 1394 Colleotam
601 1326 753 1393 terminat
762 1326 813 1390 his
825 1325 952 1392 vorbis:
976 1329 1043 1400 Per
1059 1333 1129 1408 Do·

89 1429 226 1490 «minam
251 1423 449 1508 nostram...,
470 1422 536 1502 Qni
551 1424 629 1487 cinis
645 1432 672 1486 et
692 1442 862 1507 repausa,
883 1421 950 1501 Qut
964 1433 1061 1517 tecum
1084 1429 1129 1490 ai·

106 1525 191 1586 vit...
205 1531 268 1586 etc.
558 1521 562 1527 ’
955 1580 960 1592 ,

88 1643 93 1652 ·
148 1615 268 1697 Quaest.
288 1615 363 1680 160.
387 1615 441 1678 Ad
455 1624 529 1700 quot
543 1613 656 1697 specics
671 1609 779 1676 reduci
799 1623 932 1696 poscant
958 1613 1125 1684 Orationes

92 1730 285 1796 ,omnesquae
299 1713 332 1774 in
343 1711 438 1774 Misso
447 1719 559 1793 prater
568 1705 749 1773 Orationem
757 1708 955 1789 primnmeen
963 1714 1126 1796 propriam

87 1835 89 1842 ¹
105 1807 218 1884 Missa,
232 1803 295 1870 dici
305 1803 466 1889 poseant?
1080 1819 1083 1826 ·

145 1901 189 1965 R.
207 1897 258 1963 Ad
271 1910 334 1964 tres
349 1900 470 1985 species
486 1896 631 1964 revocari
648 1905 779 1981 possunt
792 1896 932 1962 scilicet:
1056 1981 1061 1990 Ι

87 2023 88 2030 ¹
147 1995 193 2058 1⁰.
228 1992 537 2058 Commemorationes
571 1994 675 2056 stricte
708 2003 838 2075 sumpta
867 2014 925 2058 scu
961 1995 1121 2080 speciales.

104 2088 185 2152 Sunt
197 2099 306 2153 autem
322 2089 383 2151 illae
399 2091 470 2174 quae
486 2081 739 2171 correspondent
754 2083 1123 2155 commemorationibus

104 2181 135 2244 in
153 2181 265 2246 Officio
281 2181 384 2259 lactis,
395 2191 473 2265 puta
481 2178 522 2243 de
534 2178 710 2270 Dominica,
725 2175 766 2242 de
773 2179 907 2262 Octava,
921 2179 961 2248 de
970 2183 1123 2271 Simplice

104 2278 169 2360 etc,
183 2267 224 2333 de
241 2268 358 2356 quibus
373 2275 440 2332 toto
458 2266 520 2330 Tit.
537 2266 599 2333 Vll
616 2265 734 2351 agitur.

146 2365 194 2429 2⁰.
215 2363 378 2429 Orationes
396 2361 563 2427 ordinaria
578 2381 635 2426 seu
660 2359 969 2429 Commemorationes
985 2375 1133 2430 eommn·'

103 2476 168 2535 nes,
191 2479 251 2543 per
271 2477 351 2543 quas
362 2455 587 2542 intelliguntur
602 2454 770 2522 Orationes
786 2457 818 2522 in
833 2457 937 2523 Missis
951 2455 1031 2522 ritus
1063 2461 1124 2525 Se-

102 2549 287 2638 miduplicis
302 2561 334 2616 et
349 2551 510 2637 Simplicis
531 2547 674 2615 secundo
688 2561 721 2616 ct
736 2553 832 2617 tertio
852 2553 922 2617 loco
937 2549 1118 2640 addendae,

103 2648 215 2732 quales
229 2657 321 2710 sunt:
348 2650 377 2709 A
393 2649 522 2725 cunctis,
535 2648 567 2710 A
570 2646 590 2709 d
602 2644 737 2729 libitam,
761 2647 830 2711 Pro
841 2648 934 2730 Papa
949 2647 1003 2712 vel
1015 2647 1121 2714 Eccle-

102 2745 156 2806 siae
171 2752 249 2825 eto,
266 2739 402 2807 diversae
417 2763 475 2826 pro
486 2740 617 2806 diverso
629 2741 703 2806 anni
721 2752 879 2827 tempore,
896 2749 933 2806 ut
947 2737 1042 2806 dccet
1056 2743 1119 2806 Tit.

102 2836 166 2918 1x;
197 2856 332 2923 quaeque
347 2834 422 2899 ideo
438 2847 595 2901 vocantur
610 2837 708 2902 etiam
736 2835 901 2902 Orationes
912 2855 973 2918 pro
988 2846 1121 2920 tempore

98 2927 282 3016 'nisipnatm
309 2929 366 2992 Hae
382 2929 550 3010 Orationes
574 2927 826 3016 correspondere
843 2931 948 2994 solent
971 2928 1120 2994 Comme-

104 3022 336 3088 morationibus
348 3023 571 3087 communibus
586 3044 657 3110 quae
674 3025 705 3088 in
729 3025 842 3089 Officio
858 3022 899 3087 ad
915 3024 1074 3110 Vesperas
1090 3035 1122 3090 et

83 3153 88 3160 ·=
101 3115 230 3182 Laudes
243 3117 336 3206 ¹liunt.

145 3213 191 3278 5⁰.
219 3210 383 3276 Orationes
412 3215 520 3277 activa
542 3224 617 3278 sunt
641 3216 704 3280 illae
730 3238 802 3304 quae
829 3225 945 3301 praeter
974 3217 1119 3281 Comme·

101 3309 296 3372 morationes
311 3307 465 3391 speciales
480 3319 512 3373 et
524 3331 710 3376 communes
725 3309 926 3398 quibusdum
942 3311 975 3374 in
991 3310 1119 3375 casibus

100 3399 266 3467 adduntur
278 3404 310 3466 in
320 3404 426 3481 Missa,
435 3406 621 3491 nullamque
634 3407 754 3471 habant
766 3406 955 3470 relationem
971 3426 1044 3469 curn
1061 3403 1119 3468 Of-

81 3494 184 3574 .licio,
204 3505 236 3560 et
258 3495 331 3561 ideo
346 3511 502 3564 vocantur
528 3502 646 3564 votivae..
663 3503 711 3565 Ex
738 3501 778 3564 iis
806 3499 876 3562 aliae
904 3519 944 3562 ex
968 3496 1121 3563 mandato

37 3653 39 3660 .
99 3591 252 3655 Rubricae
280 3603 335 3656 aut
348 3594 528 3680 Superioris
543 3592 688 3660 dicendae
715 3593 978 3680 praescribuntur,
1007 3594 1120 3678 quales

100 3696 192 3750 saint:
206 3686 316 3751 Oratio
332 3687 372 3769 de
384 3689 570 3756 Venerabili
588 3688 664 3754 dum
677 3691 848 3777 exponitur
860 3688 918 3753 SS.
933 3685 1119 3752 Sacramen-

101 3792 182 3861 tum,
201 3781 310 3846 Oratio
341 3785 372 3847 in
400 3785 630 3849 Anniversario
656 3787 826 3851 creationis
847 3794 878 3849 ct
904 3782 1120 3849 coronationis

102 3875 226 3938 Summi
250 3876 423 3959 Pontificis,
456 3880 532 3942 item
564 3879 597 3941 in
622 3878 852 3943 Annivcrsario
887 3876 1054 3942 electionis
1089 3886 1122 3940 et

103 3972 350 4036 consecrationis
373 3976 425 4038 vel
440 3973 655 4038 translationis
667 3973 816 4059 Episcopi
832 3981 864 4035 et
879 3971 989 4035 Oratio
1017 3969 1122 4052 impe-

103 4076 184 4129 rata.
199 4064 278 4130 Atiae
291 4091 367 4134 vcro
379 4069 545 4134 Orationes
559 4071 672 4134 votivae
689 4067 729 4133 ad
745 4068 912 4133 arbitrium
928 4063 1121 4130 celebrantis
