2750 4738
390 269 565 312 esnsnrcss
587 271 734 316 urssnus.
1006 245 1069 310 145

62 375 89 438 Si
101 375 208 459 plures
220 368 389 435 Orationes
401 368 545 434 dieondae
561 371 635 450 sint,
649 369 854 458 requirantur
871 378 940 452 post
960 368 1070 432 Missas

64 468 173 532 votivas
196 487 254 530 suo
274 467 343 528 loco
357 462 397 528 de
422 465 555 551 singulis
582 465 678 531 rebus
698 465 842 551 singulae.
872 464 905 528 Si
933 485 990 551 pro
1005 464 1071 526 Dc·

63 561 169 626 functis
181 556 317 624 dicenda
327 559 367 622 sit
378 558 484 638 Missa,
499 559 636 623 habetur
646 569 717 644 post
730 559 847 622 Missas
859 559 1070 638 votivas,cum

65 655 200 720 Collectis
217 653 352 718 diversis
367 653 450 716 circa
473 653 570 718 finem
582 653 727 718 Missalis.
744 650 831 718 Ordo
848 653 943 717 totius
957 653 1069 732 Missae,

65 773 128 814 cum
143 749 401 827 Praefationibus,
419 747 560 833 Canone,
594 760 625 813 et
652 749 720 812 aliis
748 746 905 830 dicendis,
934 749 1072 812 habetur

65 867 114 911 suo
130 847 211 924 loco,
224 865 297 908 curn
309 843 443 927 Proprie
458 843 625 908 Missarum
642 842 682 907 de
696 844 868 930 Tempore.

223 1097 305 1176 XV.
326 1099 381 1175 De
398 1099 490 1175 doro
507 1096 719 1222 celebrandi
741 1096 906 1174 Missum.

107 1366 136 1430 1.
161 1367 255 1436 Missa
277 1365 401 1452 privata
422 1367 535 1432 saltem
562 1379 634 1453 post
655 1367 847 1433 Matutinum
885 1375 917 1429 et
946 1364 1074 1429 Laudes

70 1481 266 1547 quacumque
290 1463 367 1526 bom
393 1459 434 1524 ab
457 1481 572 1528 aurora
603 1483 704 1549 usque
737 1460 777 1525 ad
805 1457 973 1526 meridiem
1011 1460 1073 1524 dici

70 1564 178 1638 potest.

108 1651 140 1712 2.
164 1649 260 1712 Missa
272 1657 380 1713 autem
394 1651 613 1716 conventualis
628 1661 660 1715 et
671 1651 822 1741 solemnis
833 1649 977 1737 sequenti
994 1647 1077 1714 ordi·

71 1765 107 1808 ne
120 1743 182 1808 dici
199 1741 313 1813 debet,
325 1745 363 1807 In
377 1745 477 1810 Festis
494 1745 695 1831 Duplicibus‚
707 1757 739 1812 et
750 1743 1032 1830 Semiduplioibus,
1044 1744 1076 1808 in

70 1839 252 1920 DominiciS,
273 1848 305 1902 et
319 1839 402 1904 infra
417 1840 564 1920 Octavus,
589 1839 674 1906 dicta
691 1841 722 1906 in
739 1841 836 1905 choro
857 1841 944 1904 Hora
958 1839 1076 1904 Tertia.

79 1936 113 1999 In
123 1935 225 2000 Fastis
235 1935 451 2018 Simplieibus,
460 1946 492 2000 et
504 1936 536 1999 in
548 1937 648 2002 Feriis
658 1959 718 2023 per
729 1957 861 2014 annum,
870 1933 956 2000 diota
969 1935 1076 1998 Sexta.

73 2027 1079 2117 luAdventu,Quadragesima,etQuatuorTemporibus,etiam

75 2125 150 2189 lnlra
166 2125 322 2191 Octavam
344 2126 558 2206 pentecostes,
583 2136 614 2190 ct
637 2126 763 2211 Vigiliis
785 2146 856 2212 qum
875 2124 1078 2211 jejunantur,

74 2220 215 2306 quamvis
229 2218 293 2282 sint
305 2216 374 2282 dies
388 2221 556 2302 solemnes,
569 2219 662 2284 Missa
677 2218 718 2284 de
729 2221 886 2306 Tempore
900 2219 999 2284 debet
1009 2239 1081 2284 carr·

74 2315 129 2378 tari
143 2323 216 2400 post
229 2314 365 2378 Nonam.

114 2410 145 2473 5.
171 2408 266 2472 Missa
285 2417 393 2472 autem
417 2409 649 2473 Defunctorum
664 2407 727 2474 diei
744 2407 841 2472 debet
855 2418 927 2494 pest
940 2408 1080 2473 Primam

76 2495 153 2567 diei:
178 2503 234 2568 ubi
252 2525 328 2567 voro
341 2501 491 2570 dicuutur
507 2524 619 2566 eorum
631 2502 756 2589 Vigiliae
781 2525 875 2568 mane
892 2513 962 2588 post
978 2504 1082 2566 Matu-

77 2603 173 2666 tinum
189 2601 267 2683 diei,
280 2600 375 2666 dictis
396 2600 581 2686 hujusmodi
600 2602 726 2689 Vigiliis
742 2624 813 2666 rum
829 2601 1004 2678 Laudibus,
1022 2602 1083 2665 im-

77 2695 211 2762 mediate
227 2694 290 2760 dici
307 2706 411 2780 polest
426 2696 519 2758 Missa
534 2717 590 2781 pro
603 2696 781 2759 Desunclis.
801 2693 864 2759 Sed
878 2696 909 2758 in
927 2692 979 2758 die
992 2693 1083 2758 Corn·

77 2791 312 2856 memorationis
323 2790 467 2855 omnium
479 2789 638 2854 Fidelium
657 2791 890 2854 Defunctorum
906 2790 999 2852 Missa
1011 2810 1084 2853 oon·

77 2885 231 2949 vcnlualis
246 2883 364 2948 dicitur
379 2894 451 2968 post
464 2886 600 2967 Nonam,
618 2885 693 2972 quia
707 2907 744 2950 eo
757 2882 810 2948 die
826 2896 872 2950 est
887 2884 1082 2971 principalis.

78 2977 112 3040 In
127 2977 181 3042 dic
196 2989 302 3043 autem
318 2979 531 3062 Depositionis
546 2979 708 3065 Defuneti,
726 2983 777 3045 vel
793 2981 911 3054 Tertio,
929 2979 1084 3064 Septimo,

79 3069 263 3158 Trigesimo,
281 3082 335 3136 aut
346 3071 572 3139 Annivorsario
588 3076 734 3158 solemni,
748 3077 781 3139 in
792 3097 857 3162 quo
869 3075 904 3138 fir
914 3094 1086 3140 concursus

80 3168 199 3251 populi,
216 3167 334 3252 poterit
348 3168 495 3231 similiter
511 3167 574 3232 diei
590 3169 708 3234 ultimo·
720 3172 789 3234 loco
806 3180 877 3254 post
890 3171 1027 3234 Nonam.

121 3262 154 3326 l.
179 3262 389 3347 Excipiuntur
404 3263 521 3328 abhoc
537 3263 649 3350 ordine
662 3264 791 3329 dicendi
809 3266 933 3328 Missam
951 3282 1087 3328 conven-

82 3357 209 3435 tualem,
227 3357 329 3422 Missae
344 3357 378 3420 in
394 3359 564 3422 Nativitate
581 3361 720 3437 Domini,
736 3380 871 3446 quarum
890 3359 990 3442 prima
1008 3355 1089 3419 dici-

83 3458 132 3514 tur
154 3462 224 3535 post
245 3451 383 3516 mediam
407 3464 544 3535 noctem,
569 3455 657 3519 finito
686 3459 727 3520 Te
749 3457 848 3519 Deum
874 3454 1039 3516 laudemus
1056 3451 1087 3512 in

82 3543 234 3612 Matutino
248 3571 257 3630 ς
273 3546 414 3612 secunda
431 3549 461 3612 in
479 3571 606 3631 aurora,
625 3547 717 3616 dictis
730 3547 894 3615 Laudibus
911 3557 942 3610 et
957 3545 1064 3610 Prima
1078 3566 1086 3625 ;

83 3641 174 3706 tertia
188 3663 264 3706 vero
280 3642 312 3706 in
324 3640 377 3722 dic
403 3654 472 3727 post
486 3645 637 3727 Tertiam,
658 3648 708 3710 vol
722 3645 779 3709 ubi
795 3644 888 3708 aliter
904 3663 942 3704 ex
964 3638 1092 3724 dispon-

83 3732 202 3798 satione
217 3736 388 3820 apostolica
407 3735 605 3822 disponatur.
893 3757 894 3760 ’

126 3827 159 3890 5.
184 3828 284 3892 Missae
307 3830 434 3906 votiiae,
460 3831 534 3915 quia
558 3827 894 3918 non‘corrcspondent
919 3827 1042 3905 Officio,
1067 3827 1093 3890 si

85 3921 267 3988 solemniter
289 3925 493 3990 celebrentur
508 3949 564 4010 pro
588 3949 623 3990 re
646 3927 749 4012 gravi,
774 3928 825 3993 vel
843 3925 972 4011 publica
987 3923 1092 3987 Eccle-

86 4013 250 4097 siaeeausa,
261 4039 333 4082 cum
351 4022 459 4104 populi
475 4021 669 4108 frequentin,
694 4021 841 4087 dicantur
853 4030 924 4106 post
935 4020 1069 4083 Nonam.

176 4285 265 4326 curaer.
278 4283 300 4322 ur
310 4286 362 4326 non,
839 4277 840 4282 ’
881 4263 922 4325 15
