2750 4738
309 185 369 247 ll8
757 201 863 244 sunum

306 305 507 392 capitulique
524 301 667 367 universi
683 319 850 385 consensu,
865 313 910 382 ut,
931 302 1100 388 quibusvis
1116 325 1181 366 non
1195 305 1305 368 obstan·
1364 279 1367 318 l

285 400 402 476 ‘tibus,
414 397 508 485 juxta
524 394 605 460 illud
622 395 732 458 Missas
747 395 912 460 celebrare
931 397 1065 481 possint,
1082 400 1304 484 permittimus:
1366 401 1367 474 J

306 515 346 558 ex
361 492 430 557 aliis
446 513 523 558 vero
539 490 839 555 omnibusecclesiis
853 492 992 576 praelatis
1009 491 1201 558 eorumdem
1215 495 1307 558 blissa-

306 589 385 652 lium
396 608 490 650 usum
501 583 654 662 tollendo,
665 585 783 671 illaque
795 587 923 671 penitus
936 596 968 650 et
983 587 1115 652 omnino
1129 587 1305 674 rejiciendo,

307 707 344 749 ac
359 683 435 747 huic
448 683 563 746 Missali
580 690 689 744 nostro
701 702 805 762 nuper
821 680 919 764 edito,
937 682 1018 747 nihil
1029 702 1185 770 umquam
1197 682 1307 748 adden·

205 831 208 836 ,
307 777 397 859 dum,
415 775 663 853 detrahendum,
681 785 737 838 aut
758 775 994 841 immutandum
1010 799 1079 842 esse
1101 775 1307 856 decernendo,
1366 781 1367 862 ζ

308 873 368 938 sub
383 871 611 959 indignationis
627 881 742 935 nostrae
759 894 863 956 poena,
886 894 923 936 ac
939 883 1047 937 nostra
1069 884 1226 959 perpetuo
1240 874 1309 938 vali·
1366 867 1367 962 J

309 979 378 1032 tura
407 967 633 1030 constitutione
655 966 823 1031 statuimus
850 977 881 1032 et
904 965 1102 1032 ordinamus.
1121 965 1308 1048 Mandantcs,

309 1085 346 1126 ac
362 1061 505 1126 districte
520 1060 670 1126 omnibus
686 1070 717 1124 et
728 1062 862 1148 singulis
875 1063 1084 1128 ecclesiarum
1096 1061 1309 1148 praedictarum

306 1157 512 1233 Patriarchis,
546 1153 870 1238 administratoribus,
903 1158 1037 1244 aliisque
1068 1157 1215 1242 personis
1239 1176 1309 1242 qua·
1358 1193 1367 1287 p

308 1272 445 1337 cumque
462 1249 675 1314 ecclesiastica
691 1247 847 1337 dignitate
863 1251 1073 1338 fulgentibus,
1091 1251 1217 1315 etiamsi
1230 1251 1262 1314 S.
1273 1251 1307 1314 lt.

308 1346 344 1410 E.
364 1342 558 1424 Cardinales,
585 1353 639 1406 aut
662 1342 804 1427 cujusvis
831 1345 961 1408 alterius
981 1342 1101 1432 gradus
1115 1354 1149 1408 et
1176 1343 1310 1429 prreemi-

309 1439 423 1502 nentiae
438 1437 569 1520 luerint,
586 1437 649 1499 illis
663 1437 697 1499 in
719 1437 837 1502 virtute
860 1449 975 1504 sanctae
997 1437 1192 1504 obedientiae
1212 1437 1310 1524 praeci·
1360 1414 1365 1453 ¹

308 1533 442 1618 pientes,
459 1542 495 1596 ut
514 1531 628 1596 ceteris
644 1531 793 1596 omnibus
809 1533 988 1596 rationibus
1003 1543 1036 1598 ct
1053 1533 1170 1596 ritibus
1191 1554 1231 1596 ex
1252 1531 1311 1595 aliis
1359 1520 1365 1544 ¹

308 1627 487 1691 blissalibus
509 1627 715 1713 quantumvis
737 1629 870 1693 vetustis
892 1629 1047 1692 hactenus
1063 1627 1229 1693 observari
1244 1646 1311 1690 con·
1359 1598 1365 1691 l

309 1722 416 1802 suetis,
441 1723 474 1785 in
497 1732 660 1807 posterum
688 1723 814 1806 penitus
839 1723 974 1806 omissis,
1002 1744 1040 1786 ac
1061 1724 1158 1807 plane
1181 1721 1310 1807 rejectis,

310 1818 437 1882 Missam
448 1817 543 1903 juxta
555 1819 653 1882 ritum
679 1815 839 1916 ffilpg
858 1839 1054 1882 acnormam
1086 1837 1158 1903 quae
1173 1838 1231 1902 per
1245 1815 1311 1878 Mis·
1360 1856 1365 1899 ,

309 1912 373 1974 sale
399 1912 501 1976 hoca
557 1913 575 1976 o
601 1913 626 1974 is
650 1911 739 1976 nunc
762 1907 915 1996 traditur,¹
939 1888 1122 1995 decantent,
1144 1933 1182 1976 ac
1201 1913 1309 1997 legant,
1364 1921 1365 1924 ’

307 2028 418 2110 Q
433 2008 465 2071 in
477 2008 578 2073 Missas
586 2009 801 2073 celebratione
814 2010 891 2074 alias
903 2009 1119 2091 caeremonias,
1135 2008 1189 2072 vcl
1198 2026 1308 2092 preces,
1361 1973 1367 2056 l

311 2122 408 2188 quam
427 2125 497 2191 quae
515 2105 576 2167 hoc
601 2104 718 2168 llissali
734 2105 950 2186 continentur,
966 2101 1310 2260 We

311 2207 514 2301 Qut.
533 2195 639 2283 Atque
653 2199 762 2261 uthoc
785 2199 889 2282 ipsum
905 2198 996 2261 Missa
1045 2218 1077 2260 rn
1124 2217 1186 2260 rssa
1208 2192 1312 2258 decan·

312 2288 419 2368 tanda,
448 2301 502 2355 aut
524 2290 700 2370 recitanda,
732 2293 765 2354 in
782 2293 948 2379 quibusvis
964 2291 1105 2356 ecclesiis
1120 2290 1241 2375 absque
1255 2289 1312 2351 ullo

311 2384 512 2448 conscientiae
538 2387 698 2470 scrupulo,
717 2399 772 2450 aut
793 2388 974 2473 aliquarum
989 2407 1169 2471 poenarum,
1193 2394 1312 2448 senteu-

313 2478 440 2560 tiarum,
459 2490 491 2544 et
506 2501 713 2545 censurarum
736 2482 863 2547 incursu
886 2481 1017 2566 posthac
1039 2480 1171 2542 omnino
1185 2497 1312 2564 sequan-

313 2583 375 2652 tur,
394 2595 496 2660 eoque
511 2575 612 2638 libere
632 2587 664 2640 ct
674 2577 760 2640 licite
787 2578 833 2641 uti
849 2577 970 2662 possint
986 2586 1018 2639 et
1032 2576 1173 2654 valeant,
1189 2572 1313 2636 auctori·

313 2677 375 2732 tate
392 2671 576 2754 apostolica,
599 2681 710 2735 tenore
725 2673 943 2757 praesentium,
962 2671 1058 2734 ctiam
1074 2677 1230 2752 perpetuo
1245 2685 1312 2729 con-

313 2762 455 2829 cedimus
472 2776 504 2830 et
518 2764 736 2854 indulgemus.
754 2769 841 2834 Neve
857 2769 1018 2852 praesules,
1037 2761 1312 2834 administratores,

313 2861 469 2945 canonici,
495 2863 663 2946 capellani,
689 2863 806 2945 etalii,
829 2879 1033 2948 quocumque
1053 2857 1183 2920 nomine
1205 2873 1314 2918 nuncu·

314 2953 391 3036 pati,
406 2955 582 3041 presbytori
595 2959 772 3039 saeculares,
786 2967 840 3021 aut
852 2955 993 3041 cujusvis
1005 2951 1137 3017 Ordinis
1147 2951 1312 3036 regulares

315 3045 356 3110 ad
373 3048 500 3114 Missam
523 3051 615 3115 aliter
630 3073 725 3137 quam
749 3073 767 3115 a
794 3050 886 3115 nobis
906 3059 1060 3114 statutum
1082 3057 1141 3130 est,
1159 3044 1314 3110 celebran-

315 3146 389 3212 dam
412 3158 602 3214 teneantur:
631 3171 737 3236 neque
761 3149 802 3214 ad
830 3149 955 3214 Missale
979 3148 1041 3210 hoc
1056 3140 1314 3209 immutanduma

316 3243 461 3328 quolibet
487 3244 557 3330 cogi
577 3255 609 3308 et
631 3247 792 3332 compelli,
814 3251 1026 3331 praesentcsve
1041 3242 1156 3305 litterae
1170 3239 1235 3302 ullo
1251 3257 1313 3300 um-

316 3358 412 3422 quam
430 3347 573 3423 tempore
588 3342 745 3421 revocari,
765 3351 819 3406 aut
835 3338 995 3404 moderari
1008 3335 1140 3422 possint,
1155 3330 1211 3398 sed
1225 3332 1314 3395 firme

316 3433 442 3516 semper
466 3443 497 3496 ct
512 3434 626 3499 validm
642 3435 674 3498 in
690 3458 747 3500 suo
763 3438 899 3501 existant
913 3433 1041 3514 robore,
1058 3429 1205 3494 similiter
1213 3424 1315 3491 statui·

316 3547 399 3604 mus,
417 3536 449 3589 et
464 3525 674 3594 declaramus.
699 3534 768 3596 Non
787 3530 989 3596 obstantibus
1003 3524 1184 3612 premissis,
1202 3544 1239 3586 ac
1253 3540 1316 3585 con·

316 3619 534 3685 stitutionibus
550 3634 581 3687 et
597 3625 853 3691 ordinationibus
878 3621 1071 3709 apostolicis,
1089 3640 1126 3682 ac
1141 3618 1173 3681 in
1195 3615 1316 3703 proriu-

317 3715 463 3795 cialibus,
488 3727 520 3780 et
543 3719 748 3804 synodalibus
768 3721 917 3786 Consiliis
941 3716 1035 3782 editis
1057 3711 1259 3801 generalibus
1273 3708 1317 3772 rel

318 3809 510 3894 specialibus
527 3815 818 3895 constitutionibus,
846 3826 878 3880 et
903 3809 1182 3878 ordinationibus:
1204 3822 1317 3870 necnon

321 3903 526 3969 ecclesiarum
544 3907 767 3991 praedictarum
783 3932 854 3990 usu,
872 3908 1056 3996 longissima
1079 3914 1110 3970 et
1125 3905 1316 3966 immemora-

322 3994 378 4058 bili
405 4001 653 4084 praescriptionc‚
682 4026 746 4068 non
775 4015 881 4069 tamen
909 4024 1005 4087 supra
1032 3999 1187 4064 ducentos
1218 4011 1317 4062 annos,

324 4097 485 4175 roborato,
510 4097 633 4160 statutis
653 4107 683 4163 ct
705 4096 990 4166 consuetudinibus
1013 4092 1180 4162 contrariis
1204 4088 1318 4180 quibus·
