2832 4730
547 175 723 222 aasvraan.
1097 168 1141 232 15

114 300 175 386 qui
195 300 356 385 reperitur
383 298 417 362 in
440 295 668 384 Martyrologio
697 294 846 360 Romano
872 293 1074 386 descriptura
1096 302 1137 370 de

113 395 235 459 ceteris
259 404 366 460 autam
383 393 507 458 Sanctis
523 394 556 456 in
573 388 725 476 praedicto
742 389 969 480 Martyrologio
984 415 1049 460 oon
1078 398 1137 463 dc-

111 488 256 573 scriptis,
283 499 340 552 aut
368 487 486 575 quibua
517 507 536 550 a
564 487 597 554 S.
629 482 712 549 Sede
745 506 809 549 non
836 486 935 552 luerit
955 491 1139 575 specialiter

112 603 318 666 concessum,
337 581 449 648 Officia
479 581 622 659 recitari,
652 588 684 643 ct
706 578 816 644 blisaaa
845 579 1002 646 celebrari
1029 595 1138 650 retae·

111 687 205 756 runt,
223 677 450 743 nonobstante
475 673 564 763 quod
583 675 725 759 ipsorum
752 671 894 760 Corpora
914 678 966 741 vel
994 679 1137 766 insignes

22 801 24 806 ·
111 770 277 856 Reliquiae
288 772 322 835 in
336 770 486 836 Eccleoiia
512 778 729 851 asserventur,
746 767 865 854 quibua
885 777 992 836 maneo
1017 771 1060 836 ab
1074 772 1136 838 Or-

111 861 252 931 dinariis
275 867 420 930 locorum
452 863 636 949 approbatis
666 860 809 928 debitam
839 861 984 930 fidelium
1004 886 1136 932 venera·

112 959 238 1025 tionem
255 961 367 1046 (prout
388 960 544 1024 hactenus
560 968 721 1024 servatum
738 957 800 1044 est)
823 957 1041 1026 exhibendam
1066 985 1135 1028 esse

110 1065 323 1135 censuerunt,
348 1052 405 1118 aed
432 1054 554 1141 absque
577 1052 689 1118 Officio
705 1063 737 1117 et
765 1053 872 1134 Missa,
891 1055 952 1120 sub
976 1058 1078 1141 poeoia
1093 1057 1134 1122 de

111 1169 179 1211 non
192 1146 420 1214 satisfaciendo
431 1159 590 1235 praecepto
602 1145 760 1212 recitandi
772 1147 933 1231 Officium,
944 1151 1089 1238 aliisque
1101 1153 1133 1216 in

112 1243 345 1309 constitutione
361 1245 395 1308 S.
413 1244 463 1308 Pii
479 1245 508 1310 V
523 1245 693 1308 contentis.
724 1244 783 1306 Die
813 1243 850 1310 11
880 1247 1017 1334 Augusti
1047 1247 1127 1312 1691

102 1345 145 1445 et
161 1337 389 1496 pgpptissimus
400 1338 593 1423 approbavit
611 1337 664 1402 dio
682 1339 724 1402 ta
740 1337 889 1405 Octobris
905 1338 1052 1428 ejusdem
1074 1361 1132 1406 an-

110 1451 145 1493 nr
253 1481 260 1497 .

156 1590 243 1655 Loco
256 1592 283 1678 †
297 1592 412 1678 Sigilli.

552 1704 583 1766 J.
608 1703 819 1770 vitrearum
834 1704 869 1768 S.
887 1705 929 1770 R.
947 1704 984 1769 C.
1003 1705 1126 1770 Secret.

282 1931 435 2005 Decreta
452 1932 643 2026 porcarella
656 1935 756 2006 circo
769 1931 962 2007 Rubriano.

155 2171 237 2236 Cum
263 2173 433 2235 Sacrorum
449 2171 584 2236 Rituum
608 2169 856 2258 Congregationi
880 2168 1017 2236 demisse
1048 2195 1125 2261 sup·

107 2269 266 2352 plicatum
283 2263 383 2331 luerit'
394 2267 561 2352 sequentia
577 2263 677 2329 dubia
694 2263 876 2332 declararet

153 2360 312 2424 Primum.
327 2358 389 2440 An,
407 2379 480 2422 cum
513 2358 621 2422 multis
646 2360 960 2447 congregationibus,
992 2362 1125 2449 roligio-

107 2455 218 2534 nibus,
249 2455 317 2520 sire
354 2453 508 2535 ecclesiis,
534 2454 585 2518 uel
616 2452 800 2518 nationibus
822 2476 1007 2526 concessum
1038 2457 1078 2521 sit
1106 2480 1124 2522 a

108 2549 226 2612 Sancta
241 2546 323 2611 Sede
336 2547 532 2632 Apostolica‚
550 2558 586 2611 ut
601 2549 712 2625 semel,
733 2550 783 2612 vel
801 2551 923 2634 pluries
939 2551 972 2614 in
987 2552 1120 2638 singulis
1189 2543 1194 2553 ’

105 2640 335 2720 hebdomadis,
374 2643 426 2706 uel
460 2640 624 2706 mensibus
651 2639 855 2708 celebrentur
884 2645 972 2708 varia
1012 2643 1124 2710 Officia

105 2757 170 2822 per
190 2758 321 2820 annum,
352 2737 445 2801 verbi
471 2735 572 2824 gratie
602 2733 644 2798 de
675 2736 732 2800 SS.
762 2740 968 2828 sacramento
1005 2738 1057 2803 vel
1081 2737 1122 2803 de

106 2833 245 2913 Sanctis,
263 2834 295 2895 in
324 2830 438 2896 dicbus
463 2853 526 2896 raon
550 2829 712 2917 impeditis
738 2834 846 2919 aliquo
876 2833 969 2896 Festo
994 2834 1121 2918 Duplici

105 2927 162 2988 vel
189 2924 409 3011 Scmiduplici,
442 2927 538 2990 liccat
564 2924 722 3010 ejusmodi
750 2927 861 2992 Officia
891 2927 997 2991 facere
1025 2929 1120 2992 etiam

106 3020 140 3080 in
159 3016 272 3082 diebus
287 3027 402 3082 sanctae
418 3019 691 3106 Quadragcsimae‚
709 3019 888 3102 Adventus,
913 3021 1118 3108 Vigiliarum,

107 3122 141 3175 ct
158 3111 302 3192 Quatuor
316 3115 523 3200 Temporum,
539 3114 676 3178 etiamsi
695 3113 736 3180 de
766 3116 817 3179 bia
839 3113 953 3180 diebus
969 3118 1058 3182 nulla
1080 3117 1121 3182 sil

102 3207 190 3270 facta
215 3207 362 3293 specialis
384 3209 506 3275 mentio
539 3211 571 3272 in
594 3209 756 3298 aliquibus
780 3209 966 3276 Officiorum
989 3230 1118 3275 conces-

103 3299 263 3366 sionibus.

147 3395 343 3463 Secundum.
363 3397 414 3463 Aa
441 3397 510 3464 dies
525 3395 699 3484 impeditus
720 3397 814 3462 Festo
837 3399 963 3484 Duplici
986 3400 1039 3464 vel
1066 3402 1119 3463 Se-

101 3489 271 3577 midnplici
303 3517 359 3579 pro
391 3493 485 3560 dictis
520 3493 639 3558 Officiis
679 3492 865 3572 recitandis,
900 3493 1121 3579 intelligantur

101 3585 200 3649 etiam
216 3585 296 3670 dics,
314 3589 346 3651 in
364 3589 481 3675 quibus
502 3584 687 3673 ponendum
708 3595 756 3650 est
784 3587 931 3651 Officium
958 3584 999 3650 dc
1026 3588 1118 3652 Festo

101 3680 242 3765 Duplici,
260 3683 313 3749 vel
338 3681 545 3768 Scmiduplici
574 3683 743 3763 translato;
777 3677 1049 3768 quemadmodum
1073 3679 1120 3745 di·

101 3778 187 3841 citnr
212 3799 401 3864 responsum
429 3778 527 3842 fuisso
555 3777 633 3841 olim
669 3798 686 3840 a
718 3777 813 3841 Sacra
844 3773 1116 3861 Congregatione:

102 3869 191 3956 quod
218 3872 339 3936 scilicet
364 3873 490 3938 Festum
522 3873 671 3956 Duplex,
700 3871 752 3936 vol
783 3866 993 3953 Serniduplex
1023 3870 1118 3933 etiam

101 3966 304 4048 translatum,
321 3989 455 4032 necnon
481 3966 549 4032 dics
572 3965 696 4032 Οοιιιιω
720 3967 760 4030 sit
786 3965 855 4029 dies
879 3961 1051 4048 impeditus
1066 3987 1119 4029 re-

102 4053 217 4145 spectu
233 4063 345 4126 talium
362 4064 559 4128 Officiorum.
