2806 4736
405 189 436 228 ll(
463 183 615 228 attamen
640 181 790 224 tttssnuts.

421 359 450 450 ξ.
472 358 506 431 2.
521 355 577 430 De
595 349 782 450 Symbola.

512 557 588 644 (ra.
613 555 689 635 xr.

137 749 259 828 Quaest.
286 745 361 808 184.
387 743 528 825 Assiynu
555 761 644 802 rusus
674 741 774 822 atrapis
805 738 909 804 obolos
941 745 976 804 in
1003 745 1114 830 quibus

100 841 281 928 Symbolum
297 837 460 903 dicendum
475 834 522 898 val
533 831 734 900 omittendum
751 832 819 896 sit?

135 940 178 1002 R.
197 938 228 1000 1.
256 933 446 1023 Symbolum
462 928 583 994 dicitur
597 927 715 993 diebus
725 929 904 994 Dominicis
919 951 1070 1015 semper,
1085 931 1117 994 in

96 1032 201 1098 Missis
212 1053 290 1096 vero
305 1028 346 1093 de
361 1027 463 1090 Feriis
479 1033 512 1088 et
533 1023 661 1110 Vigiliis
675 1043 867 1109 numquam.

123 1129 154 1190 ἲ.
168 1129 205 1190 ln
218 1124 319 1189 Fastis
330 1122 522 1185 Sanctorum
535 1117 693 1180 omittitur
706 1117 912 1202 regulariter,
922 1119 949 1182 si
961 1119 1025 1185 siut
1037 1119 1120 1184 ritus

94 1220 250 1305 Duplicis,
264 1228 297 1282 et
311 1235 439 1298 semper
448 1214 475 1278 si
490 1211 653 1276 inferioris
668 1211 731 1274 sint
742 1211 840 1294 ritns3
865 1213 927 1276 nisi
950 1215 1042 1279 Festa
1060 1215 1117 1280 itta

95 1324 266 1380 occurrant
281 1314 315 1376 in
329 1310 512 1386 Dominica,
535 1308 587 1371 vel
613 1304 696 1369 inira
708 1305 863 1371 Octavam
893 1308 1116 1394 requirentem

93 1409 295 1495 Symbolum,
310 1406 386 1492 qnia
401 1415 477 1467 tunc
492 1402 649 1466 recitatur
665 1398 777 1483 Credo,
795 1402 920 1466 ratione
937 1403 1116 1468 Dominicoe

94 1504 303 1594 vclOctavae.
1117 1481 1199 1622 syss

134 1599 263 1664 Dicitur
279 1593 474 1681 regulariter
491 1591 596 1655 omitti
621 1591 810 1676 Symbolum
825 1595 860 1657 in
875 1595 976 1660 Fastis
1001 1595 1117 1679 Dupli-

93 1693 208 1774 cibus3
233 1713 308 1755 narn
331 1695 448 1775 praeter
467 1687 651 1772 Apostolos,
668 1706 742 1750 curn
756 1689 983 1774 Evangelistis,
1002 1700 1034 1753 et
1048 1692 1115 1754 Do-

93 1796 200 1852 ctores
222 1786 279 1869 (illi
307 1784 428 1849 scilicet
454 1782 511 1868 qui
539 1780 662 1845 habant
684 1789 835 1847 octavum
858 1785 1114 1869 Responsorium

94 1880 262 1946 Matutini:
281 1883 319 1944 In
333 1879 444 1960 medio,
463 1886 495 1940 et
507 1876 726 1961 Antiphonem
749 1875 790 1940 ad
811 1878 989 1964 vesperas:
1009 1878 1115 1945 ooo-

94 1979 170 2059 ctor)
204 1976 261 2062 qui
288 1973 422 2058 exigunt
453 1968 564 2053 Credo,
587 1969 696 2033 coeteri
727 1969 837 2034 Sancti
864 1991 976 2035 omnes
997 1968 1114 2035 eodem

94 2078 218 2132 carent.
237 2067 318 2133 Inde
334 2067 497 2131 memorie
518 2062 675 2151 juvandas
689 2065 792 2150 gratia
807 2065 929 2130 iactum
958 2075 1028 2130 est:
1057 2065 1114 2128 DA

93 2161 203 2237 eradit,
221 2160 309 2226 MUC
322 2181 385 2224 non
396 2159 503 2224 eredit.
517 2161 582 2222 Per
596 2156 664 2237 DA,
680 2157 907 2245 intelliguntur
917 2160 1071 2225 Doctores
1083 2169 1115 2223 et

92 2255 258 2340 Apostoli;
276 2258 309 2320 in
325 2254 410 2319 MUC
425 2264 546 2332 autem,
564 2251 756 2336 Mdesignat
772 2253 940 2340 Martyres,
957 2254 986 2318 U
1001 2253 1111 2338 Virgi-

93 2370 149 2413 nes
166 2360 201 2413 et
211 2372 276 2414 non
292 2350 453 2436 Virgines,
467 2347 491 2412 C
504 2347 708 2412 Confessores
723 2346 894 2412 Pontifices
907 2358 938 2412 et
954 2368 1019 2410 non
1031 2347 1112 2410 Pon-

93 2443 207 2508 tifices.

120 2622 124 2629 Ι
140 2539 149 2602 Ι
155 2561 176 2601 ιι
193 2540 286 2605 Festo
299 2550 406 2604 tamen
422 2536 529 2602 Maria
545 2533 743 2623 Magdalenae
759 2534 801 2599 ob
813 2536 1022 2602 eminentiam
1040 2536 1110 2624 ejus

92 2635 180 2718 fidei,
194 2633 311 2698 dicitur
327 2632 437 2699 Credo.

136 2732 170 2794 5.
186 2730 311 2795 Dicitur
322 2730 510 2816 Symbolum
523 2727 657 2792 inFesto
669 2728 995 2814 Sancti,cujusinilla
1005 2730 1113 2794 Eccle-

94 2827 152 2905 sia,
164 2827 199 2889 in
211 2847 275 2911 qua
288 2827 482 2903 celebratur,
492 2833 676 2887 asservatur
691 2825 829 2912 reliquia
844 2823 997 2910 insignis:
1015 2823 1111 2890 modo

93 2921 159 2984 ritu
176 2920 303 3005 Duplici
326 2919 474 2984 Officium
498 2917 584 2980 illins
612 2918 719 2983 Sancti
745 2919 875 2984 recitari
891 2917 1109 3003 permittatur.

94 3013 256 3098 Reliquiae
285 3023 393 3078 autam
421 3012 564 3098 insignes
591 3021 667 3076 sunt
696 3035 812 3099 corpus
849 3012 1025 3098 integrum,
1056 3023 1112 3077 aut

96 3127 215 3194 magna
231 3128 305 3193 pars
318 3105 465 3194 ejusdcm
477 3125 593 3191 nempe
616 3118 724 3193 eaput,
741 3109 924 3190 brachium,
947 3129 1032 3192 crus,
1057 3119 1113 3173 aut

94 3200 149 3264 illa
178 3222 251 3286 pars
266 3203 410 3288 corporis
426 3201 459 3265 in
475 3217 538 3287 qua
554 3219 664 3285 passus
679 3213 728 3268 est
742 3204 874 3290 Martyr,
891 3201 990 3266 modo
1005 3205 1045 3267 sit
1061 3204 1111 3266 in·

95 3305 189 3383 tegra
206 3307 237 3361 et
254 3319 316 3362 non
334 3319 445 3384 parva,
463 3306 496 3360 et
510 3295 654 3380 legitime
670 3298 711 3363 ab
727 3297 897 3364 ordinariis
919 3298 1110 3383 approbata.

137 3393 172 3456 4.
197 3393 323 3458 Dicitur
338 3392 526 3481 Symbolum
555 3389 588 3454 in
609 3392 702 3457 Festo
733 3404 766 3459 et
794 3414 854 3480 per
875 3391 1029 3458 Octavam
1044 3401 1114 3455 tum

96 3487 229 3554 Patroni
241 3489 303 3553 loci
316 3499 385 3554 tum
397 3487 494 3576 Tituli
506 3485 668 3552 Ecclesia.
796 3483 798 3486 ’

139 3585 261 3664 Qnaest.
276 3584 352 3649 185.
377 3585 432 3647 An
454 3601 526 3666 arpo
550 3582 582 3643 in
598 3584 687 3647 Festo
703 3593 730 3646 et
738 3603 797 3667 per
813 3580 962 3647 Oeteoom
976 3579 1116 3645 Patroni

95 3677 142 3741 ool
167 3677 268 3742 Tituli
278 3678 315 3741 ab
331 3677 471 3744 omnibus
501 3675 708 3742 sacerdotibus
730 3678 856 3743 recitari
882 3672 966 3738 debet
986 3672 1115 3758 Symbo-

97 3770 199 3837 lum?
322 3795 324 3799 ’

140 3869 185 3932 R.
209 3867 307 3933 Juxta
321 3867 471 3953 superins
485 3867 655 3954 explicata,
673 3873 785 3954 quaest.
806 3864 844 3929 8l
864 3873 897 3928 et
910 3863 964 3944 85,
977 3864 1116 3952 Symbo-

97 3966 180 4042 lum,
198 3965 232 4027 in
246 3965 339 4028 Festo
356 3971 384 4026 et
403 3961 631 4048 per'Oetaram
646 3961 777 4026 Patroni
792 3960 868 4043 loci,
894 3958 990 4023 abiis
1013 3979 1115 4024 sacer·

96 4056 230 4121 dotibus
252 4057 456 4122 recitandum
483 4066 542 4135 cst,
570 4059 625 4143 qui
654 4060 760 4120 locum
791 4055 882 4118 illum
912 4055 1071 4117 incolunt.
1087 4061 1120 4115 et
