2754 4740
307 243 466 286 nrssauon
489 239 748 285 ocouunarrreus.
978 223 1036 288 191

72 347 100 407 1.
127 344 245 430 Siquis
261 341 383 406 habens
406 343 530 428 copiam
547 341 737 407 confessoris
762 341 904 406 celebret
920 343 952 406 in
968 367 1039 429 pcc·
1141 421 1143 426 ¹

33 449 95 504 cato
111 438 250 517 mortali,
268 437 409 524 graviter
429 446 553 523 peceat.

69 533 99 596 5,
124 534 157 596 Si
172 533 244 618 quis
258 540 367 595 autem
382 529 415 595 in
438 552 513 595 casu
536 527 752 606 necessitatis,
772 548 836 592 non
852 531 974 598 habens
989 557 1039 598 co-

34 628 110 710 piam
126 625 330 705 confessoris,
349 625 381 688 in
399 633 532 710 peccato
559 623 686 688 mortali
712 620 834 708 absque
850 628 1040 694 contritione

34 720 179 802 celebret,
188 718 461 806 graviterpeceat,
471 717 596 782 secessi
605 715 1039 806 conteraturrdclrettamen,

35 814 257 899 cumprimum
274 812 403 898 poterit,
420 811 578 876 confiteri.

72 910 103 972 l.
128 910 162 973 si
175 909 208 972 in
224 911 295 994 ipsa
306 906 520 973 celebratione
533 907 634 972 lllissae
649 904 797 970 sacerdos
812 910 1040 980 recordeturse

36 1024 95 1065 csse
111 1004 144 1066 in
159 1013 292 1089 peccato
317 1003 456 1084 mortali,
476 1011 659 1067 conteretur
679 1021 753 1064 cum
768 1007 931 1088 proposito
946 1012 1040 1074 conli-

36 1097 127 1178 tendi,
146 1108 179 1161 et
198 1095 426 1162 satisfaciendi.

74 1192 105 1255 5.
134 1193 167 1255 Si
185 1189 374 1256 recordetur
386 1213 419 1274 se
433 1211 501 1282 esso
514 1189 836 1270 excommunicatum,
852 1194 1040 1280 velsuspen·

36 1306 109 1366 sum,
137 1297 193 1350 ant
222 1287 327 1351 locum
357 1307 424 1349 esse
451 1283 669 1365 interdictum,
695 1283 842 1349 similiter
857 1298 1040 1357 conteratur

36 1399 100 1441 cum
116 1379 283 1463 proposito
300 1378 432 1465 petendi
454 1379 701 1444 absolutionem.
722 1377 805 1444 Anto
821 1378 1040 1452 Consecratio-

36 1493 102 1536 nem
113 1483 222 1538 autem
237 1475 270 1537 iu
281 1471 472 1559 supradictis
492 1472 630 1552 casibus,
647 1472 671 1535 si
685 1492 749 1535 nou
766 1472 897 1538 timetur
911 1479 1041 1544 scauda-

35 1568 105 1646 lum,
123 1566 224 1632 debet
240 1568 367 1632 Missam
379 1569 550 1654 incoeptam
566 1564 728 1630 deserere.

110 1783 184 1859 ΙΧ.
204 1785 261 1860 De
278 1785 478 1877 defectibus
495 1782 752 1880 dispositionis
770 1792 951 1878 corporis.

75 2033 104 2095 1.
128 2034 162 2096 Si
179 2034 254 2120 quis
269 2053 333 2096 uon
349 2045 396 2098 cst
404 2033 539 2119 jejunus
551 2043 621 2117 post
635 2032 774 2098 mediam
791 2044 927 2118 noctem,
945 2039 1041 2104 etiam

38 2137 99 2211 post
114 2127 333 2213 sumptionem
349 2131 446 2192 solius
458 2149 559 2214 aquae,
574 2128 627 2192 vel
640 2129 770 2194 alterius
785 2140 877 2214 potus
895 2143 950 2196 aut
964 2133 1040 2214 cibi,

39 2239 88 2304 per
101 2221 238 2286 modum
254 2221 350 2286 etiam
373 2221 553 2304 medicinae,
577 2231 611 2286 et
625 2222 658 2286 in
673 2234 932 2311 quantorumque
944 2248 1042 2312 parra

38 2317 221 2401 quantitate,
247 2337 311 2381 non
327 2327 432 2401 potest
446 2317 696 2394 communicare,
713 2338 773 2381 nec
788 2316 964 2383 celebrare.

74 2411 104 2472 1.
129 2412 162 2474 Si
193 2419 303 2475 autem
330 2422 404 2477 aute
428 2411 568 2477 mediam
590 2420 717 2476 noctem
739 2411 847 2477 cibum
862 2423 917 2478 aut
930 2425 1042 2499 potum

39 2507 214 2590 sumpserit,
233 2507 356 2572 etiamsi
365 2500 571 2594 postmodum
587 2527 651 2571 nou
667 2503 845 2590 dormierit,
862 2529 921 2572 nec
936 2509 977 2574 sit
992 2509 1042 2575 dt-

38 2605 146 2683 gestus,
175 2621 242 2665 non
264 2612 395 2686 peccat:
418 2601 474 2666 sed
498 2603 540 2667 oh
565 2601 840 2688 perturbationem
859 2604 985 2684 mentis,
1003 2625 1043 2671 ex

39 2713 93 2777 qua
107 2687 240 2761 devotio
255 2696 389 2778 tollitur,
415 2697 594 2762 consulitur
609 2695 783 2785 aliquando
802 2695 1040 2764 abstinendum.

74 2789 106 2850 5.
129 2789 163 2853 Si
179 2790 327 2878 reliquia
340 2791 403 2855 cibi
421 2800 623 2856 remanentes
642 2790 676 2854 in
694 2810 749 2854 ore
767 2791 1041 2877 transglutiuntur,

40 2901 92 2943 non
109 2881 294 2968 impediunt
315 2885 592 2966 (immaniorem,
610 2905 683 2948 cum
699 2905 764 2948 non
781 2885 1043 2971 transglutiuntur

39 2995 88 3057 per
114 2975 249 3043 modum
277 2977 353 3062 cibi,
381 2979 438 3043 sed
466 2978 671 3066 posmodum
687 2977 807 3043 salivae.
832 2976 922 3043 Idem
936 2977 1043 3046 dicen·

39 3066 117 3152 dum,
134 3073 174 3151 si,
188 3070 329 3138 lavando
344 3093 390 3151 os,
409 3070 606 3160 deglutiatur
618 3072 702 3138 stilla
717 3082 930 3158 aquaeprecter
940 3074 1042 3140 inteu-

39 3162 159 3229 tionem.
481 3185 484 3192 ·

74 3258 104 3320 4.
128 3259 162 3322 Si
179 3260 291 3346 plures
305 3259 415 3324 Missas
433 3261 466 3324 ia
482 3281 546 3324 una
560 3259 614 3324 dic
635 3262 790 3342 celebret,
808 3268 845 3324 ut
871 3261 903 3324 in
920 3261 1043 3326 Nativi-

39 3358 93 3414 tate
108 3353 253 3435 Domini,
271 3355 304 3417 in
320 3374 513 3443 unaquaque
529 3355 623 3419 Missa
634 3356 743 3420 abluat
758 3353 875 3442 digitos
889 3354 922 3418 in
934 3355 1041 3441 aliquo

39 3465 103 3510 uase
116 3446 254 3531 mundo,
270 3458 302 3515 et
324 3448 358 3514 in
374 3450 485 3514 ultima
516 3459 637 3515 tantum
664 3450 823 3537 percipiat
846 3447 1042 3535 purificatio*

39 3558 113 3605 uem.
498 3583 502 3588 -

74 3631 103 3698 5.
128 3637 162 3700 si
179 3638 380 3723 praecesserit
393 3639 528 3723 pollutio
545 3644 700 3703 nocturna
716 3659 788 3726 quae
803 3645 931 3701 causata
945 3634 1043 3702 fuerit

39 3746 71 3790 ex
82 3729 277 3815 praecedeuti
290 3731 493 3819 cogitatione,
512 3754 582 3820 qnae
595 3733 635 3797 sit
650 3744 817 3819 peccatum
829 3732 975 3812 mortale,
988 3732 1043 3798 sel

39 3828 172 3891 evenerit
195 3836 329 3913 propter
350 3826 482 3890 nimiam
506 3829 682 3914 crapulam,
707 3822 934 3892 abstinendum
954 3836 1002 3890 cst
1023 3847 1042 3890 a

39 3914 261 3984 Communione
290 3931 323 3984 et
347 3919 575 4001 celebratione,
605 3922 664 3986 nisi
680 3920 769 3986 aliud
784 3919 977 3985 coniessario
991 3919 1042 3986 vi·

39 4007 154 4077 deatnr.
175 4015 209 4078 Si
230 4011 367 4078 dubium
382 4025 439 4098 est,
457 4038 499 4081 au
514 4015 546 4079 in
558 4013 753 4101 praecedenti
767 4013 959 4101 cogitatione
973 4015 1040 4078 fue·

40 4104 75 4168 rit
101 4120 269 4190 peccatum
297 4110 442 4192 mortale,
476 4111 654 4175 consulitur
681 4106 919 4188 abstinendum,
950 4116 1038 4172 extra
