2806 4736
347 253 380 294 ru
393 247 544 292 uouemus
559 251 736 294 nnuvmnu.
859 279 862 287 .
1010 234 1052 296 59

87 363 117 424 Si
131 361 278 449 Officium
293 359 330 442 fit
345 356 381 419 de
395 354 510 418 Sancto
521 354 623 416 Morio
636 353 669 414 8⁸
683 354 857 417 Benedictio
874 359 946 418 erit:
956 357 1052 443 Cujus

53 456 165 518 Festum
181 453 327 532 colimus,
346 449 412 532 ipse
425 445 525 530 Virgo
541 445 703 531 virginum
717 444 896 510 intercedat
915 460 968 512 etc.

87 557 118 618 Si
131 559 165 618 in
179 554 289 618 ultimo
319 553 457 614 Lectione
484 547 644 632 tenendum
672 551 711 612 sit
742 548 830 612 uliud
849 552 1052 636 Bourryetinm

53 672 109 710 curu
132 649 283 724 nonium,
316 649 349 710 9⁰
381 642 555 708 Benedictio
571 647 646 707 erit:
677 645 740 707 Per
761 645 946 731 evangelice
970 645 1053 712 dicte

57 742 212 806 deteantur
228 752 335 805 nostre
354 737 482 802 delicte.
498 744 537 815 d.
553 735 669 803 Arnen.

99 895 132 954 tn
161 891 271 978 Officio
283 893 376 954 trium
401 890 577 951 Lectionum
604 889 750 952 dicuntur
778 891 996 956 Abeotutiones
1028 907 1055 956 et

57 985 273 1048 Bmedictiones
291 983 459 1067 prmdictae,
479 981 586 1046 ordine
600 985 744 1064 ceperint
760 986 793 1046 in
807 985 949 1049 Rubricis
963 1009 1055 1071 yene-

56 1081 157 1144 roiibus
182 1092 209 1143 et
233 1083 266 1142 in
286 1081 390 1162 primo
405 1078 568 1140 Dominica
581 1076 617 1139 de
633 1076 778 1140 Adventu
793 1078 956 1163 descripto,
970 1094 997 1144 et
1022 1087 1055 1144 in
1071 1113 1080 1122 ·

58 1198 83 1237 co
106 1175 225 1259 qnando
249 1195 311 1236 non
334 1173 449 1257 lenitur
465 1172 604 1235 Homiiio
619 1193 686 1234 curn
714 1172 895 1256 Boonqetim
915 1186 941 1237 et
957 1178 1054 1239 Bene-

59 1267 190 1331 dictiones
206 1266 363 1331 sumendo
374 1277 446 1329 stent
459 1287 495 1329 en
511 1268 598 1328 tertio
614 1267 783 1330 Nocturno.

89 1362 118 1448 Μ
140 1360 313 1424 Benedictio
340 1362 415 1422 erit:
446 1360 503 1422 Ille
526 1380 582 1422 nos
609 1356 791 1437 benedicat,
819 1361 963 1445 quisine
991 1363 1053 1427 fine

55 1454 121 1516 vivit
144 1463 174 1516 et
197 1463 320 1539 regnet.
346 1458 385 1530 nt.
411 1452 526 1515 Amen.

91 1551 129 1611 Μ.
152 1549 304 1612 Divinum
321 1547 475 1611 auxilium
490 1557 617 1610 maneat
633 1568 759 1633 semper
774 1549 953 1614 nobiseum.

90 1643 129 1705 3⁰.
154 1639 205 1704 Ad
226 1641 409 1706 societatem
431 1640 557 1706 Civium
572 1661 785 1727 supernorum
802 1655 856 1708 etc.

91 1738 123 1798 tu
140 1735 247 1821 Officio
260 1739 353 1799 trium
370 1737 546 1800 Lectionum
561 1737 683 1820 qecando
696 1736 811 1822 lenitur
825 1741 965 1802 Homiiio
986 1765 1054 1805 oum

56 1831 221 1916 Bounqdio.
393 1825 396 1829 Δ

91 1926 119 1987 1³
132 1926 303 1989 Benedictio
316 1929 390 1989 erit:
406 1927 598 2012 Euangeliou
614 1928 708 1990 leutio
727 1927 766 1990 sit
780 1928 872 1992 uobis
887 1933 970 1996 selus
998 1947 1052 1998 ete.

91 2020 130 2083 Μ.
154 2021 304 2084 Divinum
320 2021 474 2084 auxilium
489 2031 618 2086 maneat
629 2043 756 2108 semper
772 2024 950 2088 nobiscum.

90 2113 130 2176 5⁰.
152 2112 201 2178 Ad
216 2115 401 2178 societatem
417 2115 543 2180 Civium
560 2137 772 2201 supernorum
790 2128 844 2180 etc.

91 2209 125 2271 Si
140 2208 282 2296 Officium
294 2212 332 2295 fit
347 2210 383 2273 de
397 2210 508 2273 Sancto
526 2213 620 2274 trium
636 2211 810 2275 Lectionum
828 2236 836 2271 .·

91 2302 119 2362 1⁸
137 2304 308 2367 Benedictio
332 2305 390 2366 erit
404 2327 413 2364 .·
438 2304 494 2366 tlte
524 2325 582 2368 nos
605 2303 776 2370 benedicat
791 2319 849 2370 etc.

91 2395 130 2457 Μ’.
148 2395 254 2482 Cujus,
269 2395 316 2459 oet
337 2397 482 2477 Quorum
505 2398 634 2461 Festum
651 2399 784 2462 colimus
801 2412 856 2463 etc.

91 2489 130 2552 3³.
153 2489 201 2554 Ad
217 2491 402 2555 societatem
417 2491 542 2556 Civium
558 2513 771 2576 supernorum
788 2505 841 2557 etc,

91 2584 124 2645 In
142 2585 246 2672 Officio
259 2586 296 2648 de
310 2586 424 2648 Sancto
435 2588 537 2648 Morio
552 2589 585 2648 in
602 2586 745 2664 Subitam,
765 2587 939 2665 Absolutio,
957 2600 984 2650 et
999 2591 1053 2652 Be·

63 2678 310 2765 nedictionesquoe
325 2679 435 2743 ibidem
453 2693 626 2764 ponecutuc.
963 2717 965 2722 .

187 2889 320 2963 Preces
349 2887 437 2962 cetico
468 2886 507 2962 in
538 2887 656 2962 Horis
691 2888 900 2966 cecitundce.
939 2931 943 2938 ·

91 3087 140 3148 Ad
163 3089 274 3150 Honos.
299 3089 394 3150 Peter
410 3097 528 3164 noster,
546 3085 601 3170 qui
618 3106 651 3146 es
674 3085 705 3146 iu
728 3087 826 3164 eoelis,
841 3093 1054 3160 sanctificetur

56 3200 158 3243 nomeu
170 3191 259 3245 tuum
279 3204 286 3243 ι
304 3180 455 3244 adveniet
472 3200 606 3266 regnum
625 3189 714 3242 tuum
730 3201 738 3242 ε
755 3180 810 3244 fiet
822 3186 969 3250 voluntas
985 3200 1050 3270 tue,

54 3270 126 3335 siout
136 3273 164 3336 iu
179 3275 268 3355 ooelo,
280 3283 312 3336 et
329 3274 361 3336 iu
375 3273 600 3351 terra.Penem
618 3283 761 3336 nostrum
778 3274 1000 3359 quotidianum
1012 3283 1052 3346 de

55 3365 135 3428 nobis
154 3365 249 3431 hodie
264 3390 272 3430 ε
289 3378 321 3432 et
344 3367 468 3430 dimitte
485 3364 577 3429 nobis
593 3364 702 3430 debita
718 3376 836 3448 nostra,
854 3370 979 3439 sieut-et
995 3396 1052 3439 nos

54 3456 227 3526 dimittimus
256 3460 457 3527 debitoribus
479 3461 613 3526 nostris:
644 3472 676 3525 et
705 3483 746 3524 ne
772 3483 830 3525 uos
860 3464 992 3531 induens
1018 3471 1050 3532 in

56 3557 267 3621 tentationem:
285 3556 342 3621 sed
359 3557 462 3620 tibere
476 3577 563 3620 nosa
578 3557 675 3619 malo.
700 3555 815 3620 Amen.
1141 3633 1143 3636 ¹

90 3645 151 3714 Are
172 3653 283 3732 Maria,
301 3653 403 3739 gretie
419 3654 532 3736 plene:
560 3652 715 3715 Dominus
733 3661 855 3716 tecum:
882 3653 1051 3724 benedicta

55 3748 83 3800 tu
99 3740 127 3804 in
140 3746 338 3828 mulieribus,
357 3751 390 3811 et
403 3744 593 3810 benedictus
608 3747 731 3812 fruetus
748 3747 867 3810 ventris
883 3749 928 3812 tui
944 3750 1048 3818 Jesus.

55 3830 271 3920 SenoteMeriu,
285 3841 388 3904 Meter
397 3841 467 3922 Dei,
482 3861 536 3904 ore
550 3861 607 3924 pro
619 3840 711 3904 nobis
723 3841 955 3924 peccatoribus,
966 3867 1051 3912 nune

55 3934 83 3985 et
96 3926 125 3989 in
135 3931 208 3995 hora
220 3935 332 3997 mortis
344 3945 472 3998 nostrae.
497 3932 613 3998 Amen.

95 4020 141 4084 Ad
161 4027 367 4107 Matutinum,
393 4031 536 4092 Primum
561 4039 587 4092 et
613 4027 864 4114 Completorium.
891 4030 994 4097 Credo
1017 4037 1048 4098 in

57 4113 157 4195 Deum,
172 4120 299 4186 Putrem
316 4125 578 4209 omnipotentem,
603 4122 785 4187 Creatorem
802 4124 871 4188 omli
889 4135 920 4189 et
945 4136 1046 4192 terreo.
