2764 4742
408 955 727 1130 iutuitu

220 1331 575 1448 'GENERALES
602 1355 921 1447 nnuvmnu.

419 1614 704 1638 *a*

71 1919 100 1981 s·
110 1823 260 1984 Oiipcium
275 1821 419 1911 quotidie
433 1823 467 1889 fit
478 1833 534 1889 aut
549 1823 684 1910 Duplex,
709 1831 763 1888 aut
777 1819 996 1908 Semiduplex,
1021 1830 1076 1886 eut

93 1941 154 2006 rmp
170 1941 224 1984 ex.

347 2161 382 2238 1.
410 2165 466 2239 De
484 2163 614 2260 Officio
630 2161 797 2260 Duplici.

112 2423 142 2486 1.
166 2419 318 2486 Officium
333 2419 367 2484 fit
380 2421 505 2507 Duplex
524 2420 555 2485 in
566 2418 681 2485 diebus
697 2441 716 2484 a
737 2419 829 2485 Feria
839 2420 951 2508 quinta
964 2421 996 2486 in
1011 2421 1082 2488 Coe-

72 2538 109 2580 na
134 2516 267 2580 Domini
281 2536 383 2603 usque
409 2516 450 2579 ad
471 2516 595 2580 Feriam
613 2516 740 2580 tertiam
763 2516 892 2582 Paschae
909 2518 1078 2596 inclusive,

72 2611 102 2676 in
119 2611 290 2678 Dominica
312 2612 345 2676 in
360 2610 511 2677 urbisin
525 2611 720 2678 Ascensione
736 2613 877 2692 Domini,
895 2615 929 2678 in
939 2613 1082 2679 Domini·

72 2728 106 2771 ca
120 2710 338 2788 Pentecostes,
352 2716 384 2772 et
397 2704 524 2771 duobus
550 2704 664 2770 diebus
679 2707 900 2793 sequentibus,
925 2707 958 2772 in
988 2709 1081 2774 Festo

72 2805 124 2870 SS.
149 2805 326 2887 Trinitatis,
343 2805 491 2892 Corporis
503 2805 631 2888 Christi,
657 2815 689 2870 ct
708 2803 925 2872 Dedicationis
945 2808 1082 2892 propriae

70 2901 242 2980 Ecclesiae;
258 2902 291 2966 in
313 2902 425 2984 Festis,
442 2902 560 2989 quibus
572 2902 606 2966 in
621 2900 819 2966 Kalendnrio
834 2903 1007 2988 apponitur
1015 2902 1083 2968 iraec

72 3017 130 3060 vox
145 2995 292 3081 Duplex,
318 2997 351 3059 in
369 2995 422 3060 die
444 3006 556 3063 octavo
578 2996 661 3060 Festi
685 2996 833 3060 habentis
855 2995 1007 3061 Octavam
1022 3019 1031 3066 t
1049 2996 1083 3061 in

72 3090 160 3154 Festo
176 3091 309 3156 Petroni
323 3090 417 3154 unius
431 3093 484 3156 vel
496 3090 636 3176 plurium
648 3089 783 3174 alicujus
794 3088 868 3171 loci,
877 3090 1084 3154 velTitularis

77 3183 240 3249 Ecclesiae:
257 3194 290 3248 ct
304 3185 336 3247 in
350 3184 451 3250 Festis
467 3187 669 3262 Sanctorum,
686 3184 742 3270 qui
757 3181 842 3269 apud
857 3181 1011 3271 quasdam
1022 3186 1083 3250 Ec·

72 3280 192 3362 elesius,
209 3279 457 3366 Religionesvel
472 3280 741 3367 congregationes
756 3280 1084 3344 consueveruntsolc·

72 3374 188 3438 muiter
204 3375 373 3452 celebrari,
390 3397 462 3440 cum
478 3375 600 3440 Officiis
620 3373 756 3460 propriis
772 3370 885 3438 aSrde
899 3370 1082 3458 Apostolica

72 3468 266 3552 approbatis,
292 3479 348 3533 aut
373 3491 412 3533 ex
431 3468 581 3556 ejusdem
605 3468 696 3534 Sedis
721 3467 909 3532 auctoritate
934 3468 1082 3553 receptis,

73 3563 121 3626 vel
135 3561 331 3648 recipiendis
356 3563 492 3648 (servata
508 3565 610 3628 forma
636 3563 734 3650 hujus
752 3561 921 3644 Breviarii)
939 3562 1082 3648 alioquin

73 3655 110 3718 de
126 3655 308 3738 Communi,
326 3658 423 3724 etiam
439 3659 464 3722 si
481 3657 633 3744 praedicta
647 3658 739 3721 Festa
760 3657 791 3720 in
808 3656 870 3720 hoc
884 3653 1082 3720 Kalendario
1150 3657 1152 3660 ’

74 3770 133 3814 non
145 3751 211 3816 sint
226 3749 395 3837 descripta.
419 3755 577 3818 Praetcree
589 3753 736 3818 Officium
759 3751 795 3816 fit
808 3752 933 3836 Duplex
944 3771 1003 3836 pro
1018 3751 1082 3815 De-

74 3845 188 3911 functis
205 3846 237 3909 in
248 3847 556 3913 Commemoratione
571 3848 722 3913 Omnium
736 3844 894 3910 Fidelium
910 3844 1085 3909 Defuncto·

76 3961 143 4006 rum
169 3950 203 4005 ct
229 3942 260 4006 in
286 3940 339 4006 die
364 3943 482 4022 obitus,
499 3965 555 4008 seu
571 3942 778 4028 depositionis
806 3938 969 4020 Defuncti,
992 3938 1083 4004 utin

78 4035 187 4101 eodem
204 4035 313 4102 Officio
325 4035 442 4103 dicitur
456 4041 538 4104 circa
551 4039 646 4104 finem
659 4035 830 4102 Breviarii.

118 4135 149 4198 2.
173 4132 301 4199 Festum
315 4135 441 4220 Duplex
456 4135 637 4200 celebratur
662 4154 700 4197 co
729 4132 782 4196 die
806 4149 871 4216 quo
901 4124 999 4210 cadit,
1022 4126 1081 4191 nisi
