2806 4736
316 179 381 244 tao
412 259 414 266 y
740 197 912 240 oanrrouns

356 299 543 367 Benedicits
554 309 638 377 oete,
656 308 690 363 et
711 299 820 363 omnia
833 319 905 384 quae
920 306 1094 363 moventur
1108 298 1142 366 in
1157 304 1253 390 aquis
1268 306 1343 374 Do-

314 396 424 460 mino:
449 395 464 424 *
486 392 672 459 benedicite
688 414 799 457 omnes
816 394 963 457 volucres
974 392 1043 457 coeli
1059 393 1211 464 Domino.

355 488 541 556 benedicite
564 509 676 552 omnes
698 488 810 552 bestiae
834 497 867 552 et
888 508 1007 573 pecora
1021 488 1176 554 Domino:
1196 491 1210 520 *
1226 493 1341 559 bone-

313 584 410 650 dicite
425 585 481 649 filii
494 584 661 648 bominum
677 583 827 646 Domino.

355 677 533 744 Benedicat
545 680 644 742 lsrael
657 678 853 742 Dominum:
872 675 887 705 *
918 673 1029 741 laudet
1053 687 1086 742 et
1112 683 1340 764 superexaltet

314 795 387 839 eum
400 775 431 840 in
449 774 577 839 saecula.

355 868 542 935 benedicite
564 865 754 933 Sacerdotes
778 865 906 930 Domini
933 865 1093 930 Domino:
1112 865 1337 937 *benedicite

312 965 395 1029 servi
410 963 539 1030 Domini
553 961 705 1028 Domino.

352 1058 539 1124 Benedicite
555 1056 685 1144 spiritus
709 1064 741 1119 et
762 1054 1050 1142 animoejustorum
1067 1057 1222 1122 Domino:
1242 1059 1259 1088 *
1277 1060 1334 1125 be·

309 1155 448 1223 nedicitc
463 1156 563 1222 saneti
576 1165 609 1220 et
618 1153 756 1218 humiles
772 1150 869 1218 corde
880 1155 1030 1220 Domino.

351 1251 539 1319 benedicite
554 1251 691 1333 Ananis,
715 1249 841 1331 Azaria·²
865 1250 976 1314 llisael
991 1250 1146 1316 Domino:
1164 1251 1178 1280 *
1195 1251 1333 1318 laudate

220 1411 223 1417 .
311 1357 342 1411 et
354 1349 590 1435 superexaltate
603 1367 676 1410 eum
689 1345 722 1408 in
736 1346 864 1409 saecula.

354 1442 587 1509 Benedicamus
602 1443 730 1506 Patrem
747 1439 910 1504 etlilium
927 1462 999 1506 curn
1024 1450 1133 1505 sancto
1150 1439 1299 1526 Spiritu:
1318 1444 1332 1470 *

309 1538 475 1605 laudemus
487 1549 519 1602 et
531 1537 809 1623 superexaltemus
826 1557 901 1602 eum
918 1537 948 1599 in
965 1537 1092 1601 saeoula.
1112 1614 1114 1618 .

352 1633 545 1701 Benedictus
573 1655 606 1696 es
620 1631 757 1696 Domine
775 1630 807 1692 in
825 1631 1027 1696 firmamento
1048 1631 1139 1702 ooeli:
1157 1631 1171 1657 *
1193 1640 1225 1695 et
1253 1631 1331 1694 lau-

308 1731 435 1810 dabilis,
449 1740 481 1794 et
497 1728 667 1815 gloriosus,
683 1736 715 1789 et
730 1729 983 1810 superexaltatus
1000 1727 1032 1790 in
1049 1726 1175 1790 saeoula.

352 1829 411 1890 Hic
427 1846 489 1889 non
512 1824 625 1888 dieitur
647 1821 755 1887 Gloria
774 1843 870 1908 aequa
894 1823 1011 1887 Amen.

351 1920 492 1987 Laudato
507 1920 678 1984 Dominum
696 1919 729 1979 in
746 1917 863 1982 sanetis
888 1916 974 2004 ejus:
999 1918 1014 1947 *
1037 1914 1164 1993 laudate
1188 1937 1266 1979 eum
1292 1916 1325 1980 in

308 2016 508 2082 firmamento
522 2012 649 2078 virtutis
662 2009 745 2095 ejus.

353 2105 494 2176 Lau'date
507 2130 580 2172 eum
597 2107 629 2169 in
645 2105 819 2170 virtutibus
835 2105 923 2193 ejus:
940 2107 954 2135 *
970 2104 1099 2178 laudate
1117 2126 1190 2169 eum
1203 2125 1323 2169 secun·

308 2205 385 2270 dum
402 2201 640 2268 multitudinem
652 2200 885 2286 magnitudinis
897 2201 979 2288 ejus.

350 2300 493 2367 Laudate
505 2321 578 2363 eum
589 2298 621 2362 in
634 2316 711 2360 sono
728 2297 829 2361 tubae:
846 2297 860 2327 *
875 2297 1005 2362 laudate
1019 2320 1091 2376 eum
1105 2299 1138 2362 in
1154 2295 1323 2384 psalterio,

308 2408 339 2478 et
356 2397 489 2462 cithara.
553 2407 555 2410 ·

349 2488 492 2555 Laudato
507 2508 581 2552 eum
593 2487 624 2550 in
642 2496 805 2574 tympano,
825 2499 856 2554 et
872 2490 992 2554 oboro:
1009 2489 1024 2518 *
1036 2486 1164 2554 laudate
1180 2507 1255 2550 eum
1287 2487 1322 2550 in

306 2584 447 2666 chordis,
460 2593 492 2648 et
504 2604 638 2670 organo.
686 2639 688 2644 .

350 2678 491 2745 Laudato
503 2700 575 2742 eum
593 2679 625 2742 in
637 2681 790 2768 cymbalis
802 2680 1087 2744 benesonantibus:
1101 2676 1228 2744 laudate
1243 2699 1320 2742 eum

309 2776 341 2842 in
356 2775 510 2864 cymbalis
528 2772 730 2858 jubilationis
745 2798 753 2840 ε
767 2775 783 2805 *
797 2776 901 2840 omnis
926 2775 1055 2862 spiritus
1078 2772 1188 2838 laudet
1205 2773 1321 2837 Domi-

307 2891 397 2935 num.
444 2868 552 2935 Gloria
566 2870 665 2952 Patri,
683 2881 714 2951 et
729 2871 822 2935 Filio.
936 2940 942 2948 ,

351 2964 430 3028 Ant.
452 2963 560 3026 Trium
574 2985 746 3048 puerorum
757 2969 916 3052 repetitor.

352 3058 598 3144 Kyrieeleison.
618 3060 742 3125 Christe
770 3061 904 3125 eleison.
933 3063 1032 3149 Kyric
1061 3059 1192 3124 eleison.
1221 3059 1336 3132 Pater„
1401 3019 1402 3084 l

308 3163 429 3219 noster.
446 3152 488 3228 ot.
503 3153 541 3217 Et
556 3175 596 3218 ne
608 3176 665 3218 nos
688 3152 821 3220 inducas
836 3157 870 3220 in
882 3158 1103 3221 tentationem.
1131 3159 1169 3232 nl.
1196 3149 1262 3215 Sed
1283 3152 1319 3214 li·

307 3251 385 3316 bera
408 3271 465 3315 nos
493 3251 630 3314 amalo.
655 3250 699 3326 Ji·
715 3251 933 3318 confiteantur
960 3253 1017 3318 tibi
1047 3249 1183 3315 Domine
1209 3247 1318 3311 omnia

307 3355 486 3432 operatua.
505 3350 543 3424 ul.
569 3347 608 3409 Et
623 3347 723 3411 saneti
740 3347 784 3410 tui
801 3347 994 3414 benedicant
1011 3348 1081 3413 tibi.
1113 3343 1157 3420 ί.
1183 3343 1318 3407 Exulta-

307 3441 388 3506 bunt
412 3439 511 3504 sancti
532 3439 563 3502 in
585 3441 700 3526 gloria.
729 3447 768 3520 nl.
785 3443 993 3510 Laetabuntur
1014 3443 1045 3506 in
1061 3439 1222 3505 cubilibus
1237 3439 1316 3502 suis.
1401 3499 1402 3531 ᾖ

306 3535 350 3612 a.
373 3537 442 3600 Non
455 3533 558 3616 nobie,
572 3529 719 3618 Domine,
732 3557 795 3600 uon
812 3539 916 3604 nobis.
939 3546 979 3620 nl.
994 3536 1056 3602 Sed
1073 3533 1194 3598 nomini
1208 3541 1263 3596 tuo
1277 3530 1320 3596 da

306 3631 452 3718 gloriam.
467 3629 511 3705 j.
528 3632 664 3696 Domine
680 3632 794 3695 exaudi
813 3637 990 3700 orationem
1016 3654 1131 3697 meam.
1144 3635 1183 3709 nl.
1205 3629 1246 3692 Et
1256 3629 1319 3692 cla·

307 3747 378 3789 mor
388 3747 477 3789 meus
494 3725 535 3790 ad
550 3737 580 3791 te
596 3728 715 3794 veniat.
727 3729 770 3804 st.
785 3732 940 3797 Dominus
951 3730 1129 3798 vobiscum.
1139 3732 1179 3806 nl.
1192 3726 1231 3788 Et
1242 3746 1319 3789 eum

307 3820 504 3905 mmmmm

351 3914 498 3979 Oremus.
518 3919 616 3997 Deus,
645 3920 699 4006 qui
728 3919 831 3985 tribus
850 3923 958 4007 pueris
989 3918 1141 4008 mitigasti
1172 3916 1322 3982 flammas

307 4009 449 4100 ignium:
478 4010 618 4076 concede
643 4015 818 4103 propitius3
849 4027 884 4082 ut
910 4039 969 4082 nos
997 4015 1134 4080 famulos
1158 4021 1232 4076 tuos
1254 4033 1322 4076 non

307 4116 420 4173 exurat
433 4105 562 4172 flamma
579 4109 742 4174 vitionrm.
