2750 4738
383 225 558 267 assusatus
581 225 728 269 ursssus.
1004 206 1068 271 1⁴7

67 337 172 392 cuntur
195 329 281 392 clara
300 346 388 409 voce,
407 325 440 389 in
455 325 548 392 Missa
560 326 697 390 solemni
718 348 737 390 a
758 328 940 394 celebrante
956 325 1072 394 dicun-

67 431 112 484 tur
126 419 283 485 submissa
298 441 390 484 voce.

110 689 152 766 X
150 691 190 769 V
186 690 243 766 ll.
273 693 328 766 Dc
350 694 480 766 ordine
498 696 777 787 ponttfiectendt,
805 690 1020 778 corlandin

198 818 322 890 smodi
341 813 380 889 in
399 811 513 890 Missa
528 813 692 909 priuata,
712 823 746 889 ct
760 816 930 890 solemni.

105 1070 133 1132 l.
158 1070 195 1132 ln
220 1068 313 1132 Missa
336 1069 460 1153 privata
483 1067 631 1133 sacerdos
646 1068 832 1155 genuflectit
847 1064 976 1152 quando
992 1069 1071 1153 legit

68 1163 267 1249 Evangelium
284 1163 390 1227 Sancti
405 1163 548 1243 loannis,
556 1165 595 1225 In
606 1165 772 1248 principio,
783 1159 824 1225 ad
841 1162 894 1224 illa
909 1161 1018 1242 verba,
1029 1164 1070 1226 at

70 1258 192 1321 Verbum
211 1279 281 1321 caro
297 1258 482 1344 factumest,
499 1267 531 1322 et
542 1258 575 1321 in
590 1257 764 1344 Evangelio
778 1256 975 1343 Epiphania,
991 1255 1070 1320 Cum

69 1364 150 1416 statas
165 1354 353 1426 esset-lesus,
371 1350 411 1416 ad
425 1354 479 1417 illa
488 1353 600 1432 verba,
614 1354 654 1417 Et
659 1350 850 1436 procidentes
864 1351 1070 1414 adoraverunt

69 1468 138 1510 aura.
163 1448 244 1510 Item
271 1446 303 1508 in
326 1447 501 1532 Evangelio
516 1448 616 1512 Feriae
633 1456 755 1534 quartae
777 1455 849 1531 post
870 1445 1068 1509 Dominicam

69 1551 204 1624 quartam
230 1539 503 1628 Quadragesimae,
530 1540 570 1604 ad
587 1542 641 1605 illa
659 1540 758 1605 verba
776 1541 807 1603 in
822 1540 897 1617 fine,
914 1541 955 1602 Et
965 1543 1070 1622 proci-

69 1633 133 1697 dens
146 1635 286 1698 adorauit
303 1657 383 1699 cunr.
401 1637 482 1699 Item
506 1635 694 1720 genuflectit
714 1634 746 1698 in
758 1634 923 1698 Dominica
947 1634 1069 1697 Palma·

70 1750 144 1808 rum,
161 1739 193 1794 et
209 1730 241 1793 in
254 1730 357 1794 Missis
373 1728 413 1793 de
435 1731 547 1812 Cruor,
565 1729 606 1794 ad
624 1731 677 1793 illa
704 1729 801 1793 verba
815 1728 847 1791 in
861 1729 1012 1813 Epistola,
1030 1731 1068 1791 In

70 1825 180 1887 nornine
192 1824 268 1887 Jesu
283 1845 370 1888 omne
384 1847 464 1909 peirn
478 1821 632 1911 (lectatur,
650 1835 705 1887 etc.
718 1845 728 1904 3
754 1833 785 1886 ct
808 1819 936 1906 quando
951 1823 1069 1908 legitur

70 1916 178 1994 Passio,
197 1915 236 1980 ad
253 1918 306 1980 illa
330 1919 439 1999 verba,
463 1922 639 2004 Expiravit,
656 1920 710 1983 vcl
725 1919 837 1980 Emisit
852 1919 1008 2000 spiritum,
1033 1927 1069 1980 ut

70 2010 125 2072 suis
141 2012 216 2074 locis
232 2022 372 2076 notatur.
389 2014 468 2077 ltcm
494 2014 680 2100 genuflectit
696 2033 767 2076 cum
785 2011 873 2092 dicit,
896 2010 1067 2075 Flectamns

68 2124 170 2184 penno.
187 2106 267 2169 Item
283 2105 411 2190 qnando
428 2109 460 2172 in
476 2107 728 2194 Quadragosima
745 2104 823 2169 dicit
844 2105 876 2168 in
890 2106 914 2168 T
917 2114 1005 2168 ractu
1020 2105 1050 2178 st
1056 2153 1064 2168 .

71 2197 187 2282 Adiuro
201 2220 257 2262 nos
280 2200 376 2278 Deus,
401 2213 456 2266 etc.
480 2212 511 2267 et
534 2203 566 2265 in
588 2202 737 2266 omnibus
760 2200 861 2263 Missis
882 2197 923 2263 de
946 2200 1068 2285 Spiritu

72 2291 185 2373 Sancto,
200 2315 272 2356 cum
287 2292 365 2359 dicit
376 2295 419 2369 Ji.
437 2297 520 2360 Veni
527 2297 637 2361 Sancte
647 2296 797 2380 Spiritus,
811 2295 903 2378 reple,
918 2306 972 2358 etc.
986 2296 1065 2358 Item

71 2384 188 2468 quando
204 2387 445 2454 Sacramentum
459 2392 490 2453 in
506 2391 598 2454 altari
614 2390 846 2474 discoopertum
858 2398 1001 2473 apparet,
1013 2409 1067 2474 ge·

73 2479 205 2545 uufleclit
219 2484 344 2568 quoties
368 2494 441 2548 ante
464 2483 543 2548 illud
567 2485 680 2548 transit
703 2484 735 2546 in
757 2481 865 2547 medio
881 2483 1009 2546 altarist
1034 2493 1066 2546 ct

72 2572 327 2662 quandocumque
345 2578 376 2641 in
392 2578 514 2644 Ordine
530 2579 641 2657 Missae,
667 2589 698 2642 et
723 2579 753 2640 in
777 2579 844 2641 ritu
858 2575 1016 2640 servando
1032 2576 1064 2638 in

73 2668 274 2734 celebratione
292 2672 392 2736 Missae
416 2683 545 2738 notatur
559 2671 644 2758 quod
662 2671 778 2735 debeat
793 2671 1019 2756 genuflectere.

109 2763 139 2824 2.
150 2763 394 2831 Circumstantes
405 2779 512 2832 autem
522 2767 552 2829 in
566 2768 668 2832 Missis
682 2766 814 2852 privatis
825 2787 951 2851 semper
962 2785 1067 2852 gcuua

75 2855 204 2939 flectunt,
226 2861 322 2926 ctiam
344 2864 500 2949 Tempore
524 2863 681 2940 paschati,
701 2871 911 2948 praeterquam
926 2858 1004 2925 dum
1018 2860 1066 2923 le-

74 2950 149 3034 gitur
162 2954 383 3040 Evangelium.

111 3046 140 3108 5.
163 3048 198 3110 In
222 3051 316 3114 Missa
338 3053 471 3116 solemni
500 3053 666 3118 celebrans
688 3050 874 3136 genuflectit
895 3048 936 3113 ad
959 3049 1066 3113 omnia

75 3139 254 3223 supradicta,
272 3155 485 3231 praeterquam
500 3147 541 3210 ad
553 3147 723 3210 Flectontns
732 3167 845 3229 penus,
862 3154 893 3207 rt
909 3154 985 3207 tunc
1000 3145 1066 3228 ipse

75 3238 148 3302 solus
162 3251 232 3324 stat,
250 3240 403 3308 diaconus
418 3268 509 3324 vero,
526 3256 558 3309 et
573 3241 799 3325 subdiaconus,
825 3253 857 3306 ct
879 3263 988 3306 omnes
1011 3241 1066 3305 atii

75 3334 290 3414 genuflectunt.
304 3336 355 3403 Ad
372 3361 500 3405 versum
515 3362 606 3418 vero,
623 3337 752 3421 Adjuva
773 3358 826 3401 nos
842 3339 938 3416 Deus,
963 3348 1017 3400 etc.
1034 3347 1066 3401 ct

75 3422 109 3486 ad
120 3449 253 3512 versum,
269 3433 304 3496 V
302 3434 470 3500 eniSaucte
478 3435 627 3520 Spiritus,
637 3445 692 3496 etc.
708 3432 895 3518 genuflectit
907 3452 1008 3518 usquc
1024 3428 1065 3495 ad

75 3518 169 3586 linem.
185 3527 262 3590 Item
279 3529 465 3612 genuflectit
481 3530 511 3592 in
536 3527 588 3591 die
608 3526 868 3591 Annuntiationis
889 3528 928 3590 Β.
946 3525 1063 3607 Mariae,

77 3615 142 3678 rtin
159 3619 258 3685 tribus
281 3622 383 3685 Missis
405 3623 583 3690 Natiuitatis
606 3621 746 3702 Domini,
772 3619 901 3707 quando
923 3628 1068 3685 cantatur

78 3707 102 3769 in
111 3711 212 3797 choro,
225 3716 267 3779 Et
278 3719 456 3782 irrcornatus
468 3731 523 3800 cst,
535 3729 589 3781 etc.
603 3715 681 3780 Aliis
693 3714 808 3780 diebus
818 3716 844 3778 si
859 3712 980 3795 sedeat,
993 3734 1066 3778 cum

78 3815 228 3872 cantantur
249 3831 287 3874 ra
309 3812 408 3877 rerba
428 3835 497 3878 non
521 3810 718 3900 genuflectit,
751 3808 806 3874 sed
827 3821 923 3894 eaput
944 3819 1065 3873 tantum

78 3901 219 3980 profunde
231 3905 363 3972 inclinat
374 3919 536 3994 apertum:
551 3908 577 3971 si
590 3927 655 3969 non
667 3905 767 3989 sedet,
781 3905 977 3994 genuflectit.

116 3995 144 4058 l·
167 3999 298 4065 Ministri
314 4023 440 4088 semper
454 4002 675 4092 genuflectunt
688 4023 761 4067 cum
777 4000 972 4078 celebrante,
989 4019 1067 4082 prae·

82 4093 210 4179 terquarri
225 4093 438 4162 subdiaconus
461 4108 572 4163 tenens
591 4095 710 4162 librum
734 4095 776 4164 ad
790 4093 1022 4181 Evangelium,
1035 4100 1067 4158 et
