2754 4740
297 237 385 278 uirus
408 239 596 281 censuerunt
622 243 743 282 nissen.
985 223 1047 284 167

50 345 96 432 qui
108 364 213 408 versus
232 341 340 406 Gloria
356 342 460 418 Patri,
480 344 732 427 praetermittitur
746 343 777 404 in
794 343 893 405 Missis
906 343 1046 408 Defunc-

51 451 154 512 torum,
173 437 251 499 etin
269 437 369 498 Missis
386 434 425 497 dc
440 437 596 520 Tempore
612 459 631 501 e
650 437 816 500 Dominica
840 435 880 499 de
896 440 1046 502 Passione

50 529 193 616 usquead
209 529 385 592 Sabbatum
397 539 540 593 sunctum
558 533 731 594 exclusive.

85 626 114 686 7.
131 623 301 686 Celebrens
313 623 385 684 lotis
397 623 604 687 menibusees
616 627 720 710 tergit,
735 637 766 688 ct
779 627 840 689 illis
853 637 925 690 ente
938 639 1048 712 peetus

46 719 152 803 junctis
165 719 339 782 revertitur
353 715 392 779 ed
405 717 547 782 medinm
556 721 674 796 alteris,
691 721 748 782 ubi
761 731 858 802 stans,
874 724 1048 808 oculosque

49 814 83 877 ed
96 817 194 876 Deum
211 815 351 894 elevans,
380 823 412 875 et
439 815 544 876 statim
562 813 744 889 demittens,
770 817 918 880 menibus
928 816 1049 900 junctis

50 929 132 992 super
143 909 253 988 altere,
267 907 500 991 aliquantulum
520 907 687 970 inclinatus
703 905 781 970 dieit
797 919 919 972 secreto
935 911 1049 974 oratio·

52 1024 128 1064 irem:
145 1003 272 1084 Suscipe
282 1013 387 1064 sarecto
405 1003 611 1082 Trinitas,eto.
624 1003 694 1082 Qua
707 1000 803 1077 dicte,
815 1003 961 1066 menibus
974 1005 1049 1070 binc

52 1095 115 1159 inde
135 1098 284 1176 extensis,
306 1106 338 1158 ct
360 1118 456 1180 super
476 1099 575 1159 altare
592 1097 712 1180 positis,
731 1099 891 1160 osculatur
913 1097 993 1161 illud
1016 1101 1049 1162 in

51 1191 166 1255 medio:
196 1202 264 1255 tum
285 1189 406 1275 junctis
421 1192 570 1278 menibus
596 1203 669 1255 ente
697 1202 819 1275 pectus,
839 1190 1049 1278 demissisque

51 1287 137 1350 oculis
152 1286 193 1349 ed
210 1297 339 1366 terrem,
358 1307 375 1348 e
391 1287 517 1349 sinistre
532 1307 629 1348 manu
654 1284 694 1348 ad
719 1285 884 1350 dextoram
905 1288 1002 1352 vertit
1016 1309 1049 1350 se

50 1378 85 1441 ed
97 1381 260 1464 populum,
279 1389 311 1442 et
326 1401 436 1444 versus
452 1401 524 1442 eum
538 1377 713 1442 extendens
726 1389 757 1442 et
763 1378 906 1464 jungens
922 1401 1046 1460 munus,

48 1473 114 1538 dicit
129 1495 205 1538 voce
222 1475 455 1560 aliquantulum
471 1476 575 1538 cleta:
596 1473 691 1538 Orate
717 1474 843 1558 fratres,
868 1485 899 1538 et
926 1486 1049 1540 secreto

50 1591 251 1654 prosequens:
269 1580 304 1631 ut
319 1591 418 1632 nterim
435 1591 468 1632 oo
485 1581 619 1632 vestrum
635 1569 841 1652 Sacrificium,
857 1580 910 1632 oto.
928 1569 1052 1653 perficit

50 1664 203 1742 circulum,
215 1675 390 1740 revertens,
396 1663 517 1748 junctis
537 1662 684 1726 messibus
700 1673 773 1724 ante
787 1673 910 1746 peetus,
924 1684 941 1726 a
955 1685 1051 1726 manu

50 1754 149 1820 dextra
164 1756 205 1820 ed
221 1756 366 1821 medium
381 1759 500 1822 alteris.
524 1761 563 1822 Et
578 1777 729 1840 responso
746 1778 764 1818 a
781 1757 942 1834 ministro,
958 1759 1009 1820 vel
1033 1779 1051 1819 e

51 1852 335 1916 circumstantibus:
361 1855 517 1937 Strscipiot
532 1855 685 1916 Dorm'nus
702 1853 887 1934 sucrificium
904 1851 939 1914 de
955 1855 1052 1914 morri·

52 1943 98 2007 bus
113 1948 182 2023 tuis,
199 1959 252 2010 etc.
271 1948 427 2031 (alioquin
447 1969 504 2030 per
536 1947 687 2030 seipsum,
711 1944 819 2008 dicens
835 1968 842 2007 :
861 1945 1051 2027 Sacrificium

53 2038 82 2098 clo
104 2043 243 2104 mortibus
270 2041 370 2125 meis),
398 2043 463 2126 ipse
491 2041 658 2104 celebrans
675 2040 831 2103 submisse
855 2061 933 2103 voce
950 2037 1049 2103 dicit:

52 2127 1049 2220 AureoAEtmenibusentepectuscxtensis,utfitudcretionem,

53 2237 125 2290 stens
139 2230 170 2290 iu
187 2229 296 2293 medio
320 2232 426 2294 ulteris
442 2251 552 2296 versus
575 2229 706 2304 librum,
724 2227 801 2290 dicit
819 2229 961 2290 obsolute
985 2229 1052 2291 sine
1085 2245 1089 2252 ’

57 2319 188 2400 Oreruus,
207 2333 239 2386 et
254 2325 321 2387 sine
338 2326 398 2387 elie
412 2325 652 2408 interpositione
671 2324 850 2387 Orationem
863 2324 912 2386 vcl
932 2320 1053 2385 Oratio-

53 2437 97 2478 nes
110 2430 248 2482 secretos.
269 2419 347 2482 Cum
364 2418 442 2484 dicit
464 2422 569 2482 Jesum
586 2416 760 2496 Christum,
787 2427 883 2499 captu
898 2415 1051 2493 inclinet;
1146 2409 1148 2412 ’

56 2511 129 2591 quod
143 2513 219 2576 lacit
241 2514 273 2576 in
290 2515 392 2598 prima
408 2515 562 2594 oratione,
588 2513 667 2576 etin
683 2512 806 2589 ultime,
826 2511 851 2572 si
867 2511 976 2594 plures
991 2509 1055 2573 sint

55 2602 197 2671 dircndae.

90 2701 117 2761 8.
141 2703 301 2766 Pervento
322 2715 428 2766 eutem
445 2703 477 2765 in
494 2702 698 2765 conclusione
717 2699 838 2762 ultimee
854 2698 990 2760 Secretae
1012 2695 1054 2759 ed

55 2793 140 2856 verba
155 2797 210 2858 ille
225 2797 291 2858 Por
306 2802 408 2861 opertio
424 2796 536 2861 secuta
558 2795 740 2860 seculorum
756 2793 930 2870 exclusive,
949 2812 1054 2854 secer-

55 2885 102 2949 dos
122 2901 206 2954 stans
234 2893 267 2954 in
292 2892 397 2956 medio
420 2892 538 2973 alteris,
564 2890 716 2974 depositis
739 2908 836 2971 super
856 2908 893 2948 eo
907 2885 1054 2948 manibus

55 2979 208 3048 hincinde
227 2988 380 3067 extensis,
397 2985 475 3050 dicit
490 2985 694 3049 convenienti
716 2994 747 3047 et
767 2981 960 3066 intelligibili
976 3001 1054 3045 voce

57 3075 278 3162 Prufotioueru.
297 3081 376 3144 Cum
402 3078 501 3144 dicit:
520 3081 653 3142 Sursum
687 3078 790 3156 cordo,
817 3077 920 3139 elevet
942 3095 1055 3138 manus

57 3167 210 3236 hincinde
229 3185 374 3238 extensas
388 3194 489 3258 usque
506 3171 547 3234 ed
566 3181 674 3256 pectus
692 3194 699 3232 :
729 3171 772 3234 ita
788 3178 825 3231 ut
840 3170 946 3252 palme
960 3168 1055 3236 unius

56 3283 154 3330 manus
167 3270 319 3353 respiciet
334 3271 478 3332 alteram.
497 3267 577 3330 Cum
593 3265 686 3328 dicit:
705 3265 832 3331 Grotius
846 3283 975 3346 aponius
990 3263 1055 3324 Do—

56 3361 137 3440 nim,
140 3361 251 3448 jungit
262 3385 373 3427 manus
382 3387 390 3446 3
409 3384 482 3426 cum
494 3360 589 3428 dicit:
603 3362 667 3422 Deo
683 3371 798 3439 nostro,
816 3358 924 3420 oeulos
937 3358 1053 3434 elevet,

57 3458 193 3520 utstatim
211 3458 304 3521 Cruci
321 3467 416 3542 caput
432 3457 573 3520 inclinat.
584 3456 770 3538 Responso:
789 3454 929 3534 Dignum
948 3453 1056 3532 etjus-

58 3555 111 3610 tuor,
126 3565 179 3629 est,
200 3554 330 3618 elevatis
345 3563 377 3614 et
393 3551 542 3628 extensis,
572 3559 608 3611 ut
630 3549 729 3632 prius,
759 3545 920 3633 manibus,
944 3564 1056 3628 prose-

58 3645 152 3723 quitur
166 3647 392 3710 Praefutionem
408 3645 569 3729 propriam
587 3644 636 3706 vel
650 3661 867 3717 communem,
881 3649 916 3702 ut
929 3649 1055 3722 tempus

57 3740 189 3822 requirit.
201 3742 280 3805 Cnm
293 3733 388 3804 dicit:
402 3740 544 3820 Sanctus,
551 3736 672 3822 junctis
684 3747 757 3800 ento
769 3745 881 3820 pectus
893 3732 1054 3810 manibus,

57 3839 81 3890 et
91 3833 266 3914 inclinatus,
276 3857 355 3898 voce
370 3832 524 3896 mediocri
541 3831 757 3916 prosequitur,
768 3828 913 3892 ministro
928 3826 1054 3889 interim

57 3943 174 4002 parvam
204 3931 426 4013 campanulum
450 3929 609 4012 pulsante.
628 3923 708 3987 Cum
731 3923 832 3988 dicit:
858 3921 1053 4001 Benedictus,
1099 4011 1101 4015 g

59 4023 103 4099 qni
114 4027 193 4087 uenit
205 4028 238 4087 iu
252 4026 373 4087 tremine
388 4023 525 4101 Doruini,
537 4031 606 4095 etc,
625 4018 719 4103 erigit
733 4039 780 4096 se,
795 4027 827 4080 et
845 4017 971 4102 signum
986 4034 1055 4078 cru·

58 4111 93 4174 eis
106 4116 161 4181 sibi
176 4116 327 4204 producit
345 4139 362 4180 a
378 4117 481 4180 fronte
493 4113 533 4179 ad
551 4123 673 4198 pectus.
