<?xml version="1.0" encoding="UTF-8"?>
<!DOCTYPE html PUBLIC "-//W3C//DTD XHTML 1.0 Transitional//EN"
    "http://www.w3.org/TR/xhtml1/DTD/xhtml1-transitional.dtd">
<html xmlns="http://www.w3.org/1999/xhtml" xml:lang="en" lang="en">
 <head>
  <title>
</title>
<meta http-equiv="Content-Type" content="text/html;charset=utf-8" />
  <meta name='ocr-system' content='tesseract 3.04.00' />
  <meta name='ocr-capabilities' content='ocr_page ocr_carea ocr_par ocr_line ocrx_word'/>
</head>
<body>
  <div class='ocr_page' id='page_1' title='image "./quaestionesinru00churgoog_0036.png"; bbox 0 0 2764 4742; ppageno 0'>
   <div class='ocr_carea' id='block_1_1' title="bbox 446 227 1036 292">
    <p class='ocr_par' dir='ltr' id='par_1_1' title="bbox 446 227 1036 292">
     <span class='ocr_line' id='line_1_1' title="bbox 446 227 1036 292; baseline 0.003 -2"><span class='ocrx_word' id='word_1_1' title='bbox 446 247 620 290; x_wconf 75' lang='lat' dir='ltr'>motmunt.</span> <span class='ocrx_word' id='word_1_2' title='bbox 997 227 1036 292; x_wconf 70' lang='grc'>91</span> 
     </span>
    </p>
   </div>
   <div class='ocr_carea' id='block_1_2' title="bbox 21 345 1044 531">
    <p class='ocr_par' dir='ltr' id='par_1_2' title="bbox 21 345 1044 531">
     <span class='ocr_line' id='line_1_2' title="bbox 21 345 1044 415; baseline 0.003 -3"><span class='ocrx_word' id='word_1_3' title='bbox 21 369 113 413; x_wconf 78' lang='lat' dir='ltr'>novae</span> <span class='ocrx_word' id='word_1_4' title='bbox 153 348 288 413; x_wconf 80' lang='lat' dir='ltr'>rationis</span> <span class='ocrx_word' id='word_1_5' title='bbox 329 346 517 414; x_wconf 81' lang='lat' dir='ltr'>restituendi</span> <span class='ocrx_word' id='word_1_6' title='bbox 557 345 746 413; x_wconf 79' lang='lat' dir='ltr'>Kelenderii</span> <span class='ocrx_word' id='word_1_7' title='bbox 777 348 929 414; x_wconf 78' lang='lat' dir='ltr'>Romani.</span> <span class='ocrx_word' id='word_1_8' title='bbox 958 349 1044 415; x_wconf 83' lang='lat' dir='ltr'>Sunt</span> 
     </span>
     <span class='ocr_line' id='line_1_3' title="bbox 21 441 1042 531; baseline 0 -24"><span class='ocrx_word' id='word_1_9' title='bbox 21 454 129 507; x_wconf 81' lang='lat' dir='ltr'>eutem</span> <span class='ocrx_word' id='word_1_10' title='bbox 159 443 384 509; x_wconf 78' lang='lat' dir='ltr'><strong>novemdecim</strong></span> <span class='ocrx_word' id='word_1_11' title='bbox 420 446 557 530; x_wconf 83' lang='lat' dir='ltr'>Epactoe‚</span> <span class='ocrx_word' id='word_1_12' title='bbox 587 452 667 531; x_wconf 90' lang='lat' dir='ltr'>quot</span> <span class='ocrx_word' id='word_1_13' title='bbox 696 453 728 507; x_wconf 89' lang='lat' dir='ltr'>et</span> <span class='ocrx_word' id='word_1_14' title='bbox 755 441 855 507; x_wconf 76' lang='lat' dir='ltr'>Aurei</span> <span class='ocrx_word' id='word_1_15' title='bbox 899 444 1042 528; x_wconf 78' lang='lat' dir='ltr'>numeri,</span> 
     </span>
    </p>
   </div>
   <div class='ocr_carea' id='block_1_3' title="bbox 22 541 1039 633">
    <p class='ocr_par' dir='ltr' id='par_1_3' title="bbox 22 541 1039 633">
     <span class='ocr_line' id='line_1_4' title="bbox 22 541 1039 633; baseline 0.002 -24"><span class='ocrx_word' id='word_1_16' title='bbox 22 541 327 633; x_wconf 75' lang='lat' dir='ltr'>respondebuntque</span> <span class='ocrx_word' id='word_1_17' title='bbox 353 547 429 632; x_wconf 87' lang='lat' dir='ltr'>ipsis</span> <span class='ocrx_word' id='word_1_18' title='bbox 455 546 571 612; x_wconf 85' lang='lat' dir='ltr'>Aureis</span> <span class='ocrx_word' id='word_1_19' title='bbox 600 547 743 611; x_wconf 88' lang='lat' dir='ltr'>numeris</span> <span class='ocrx_word' id='word_1_20' title='bbox 760 555 833 611; x_wconf 86' lang='lat' dir='ltr'>ente</span> <span class='ocrx_word' id='word_1_21' title='bbox 849 544 1039 612; x_wconf 82' lang='lat' dir='ltr'>Kelenderii</span> 
     </span>
    </p>
   </div>
   <div class='ocr_carea' id='block_1_4' title="bbox 22 638 1044 800">
    <p class='ocr_par' dir='ltr' id='par_1_4' title="bbox 22 638 1044 800">
     <span class='ocr_line' id='line_1_5' title="bbox 22 638 1044 729; baseline 0.004 -25"><span class='ocrx_word' id='word_1_22' title='bbox 22 639 254 704; x_wconf 69' lang='lat' dir='ltr'>correctionem</span> <span class='ocrx_word' id='word_1_23' title='bbox 285 662 325 706; x_wconf 92' lang='lat' dir='ltr'>eo</span> <span class='ocrx_word' id='word_1_24' title='bbox 355 641 462 723; x_wconf 85' lang='lat' dir='ltr'>modo,</span> <span class='ocrx_word' id='word_1_25' title='bbox 491 663 556 729; x_wconf 92' lang='lat' dir='ltr'>quo</span> <span class='ocrx_word' id='word_1_26' title='bbox 588 643 619 706; x_wconf 90' lang='lat' dir='ltr'>in</span> <span class='ocrx_word' id='word_1_27' title='bbox 643 642 704 706; x_wconf 84' lang='lat' dir='ltr'>huc</span> <span class='ocrx_word' id='word_1_28' title='bbox 734 640 852 706; x_wconf 80' lang='lat' dir='ltr'>tabella</span> <span class='ocrx_word' id='word_1_29' title='bbox 881 638 1044 727; x_wconf 76' lang='lat' dir='ltr'>disposite</span> 
     </span>
     <span class='ocr_line' id='line_1_6' title="bbox 23 745 118 800; baseline 0.011 -3"><span class='ocrx_word' id='word_1_30' title='bbox 23 745 96 800; x_wconf 87' lang='lat' dir='ltr'>sunt</span> <span class='ocrx_word' id='word_1_31' title='bbox 110 757 118 798; x_wconf 74' lang='grc' dir='ltr'><strong><em>ε</em></strong></span> 
     </span>
    </p>
   </div>
   <div class='ocr_carea' id='block_1_5' title="bbox 24 994 1045 1135">
    <p class='ocr_par' dir='ltr' id='par_1_5' title="bbox 24 994 1045 1135">
     <span class='ocr_line' id='line_1_7' title="bbox 24 994 1045 1068; baseline 0.002 -19"><span class='ocrx_word' id='word_1_32' title='bbox 24 994 134 1051; x_wconf 72' lang='lat' dir='ltr'>tabella</span> <span class='ocrx_word' id='word_1_33' title='bbox 147 996 315 1068; x_wconf 76' lang='lat' dir='ltr'>Epactomm</span> <span class='ocrx_word' id='word_1_34' title='bbox 340 995 567 1067; x_wconf 82' lang='lat' dir='ltr'>respondentium</span> <span class='ocrx_word' id='word_1_35' title='bbox 590 994 695 1050; x_wconf 78' lang='lat' dir='ltr'>Anu-eis·</span> <span class='ocrx_word' id='word_1_36' title='bbox 712 994 837 1052; x_wconf 88' lang='lat' dir='ltr'>numeris</span> <span class='ocrx_word' id='word_1_37' title='bbox 856 998 921 1050; x_wconf 81' lang='lat' dir='ltr'>unte</span> <span class='ocrx_word' id='word_1_38' title='bbox 944 995 1045 1051; x_wconf 80' lang='lat' dir='ltr'>Kelen-</span> 
     </span>
     <span class='ocr_line' id='line_1_8' title="bbox 388 1078 683 1135; baseline 0.003 -2"><span class='ocrx_word' id='word_1_39' title='bbox 388 1078 459 1135; x_wconf 77' lang='lat' dir='ltr'>derii</span> <span class='ocrx_word' id='word_1_40' title='bbox 473 1078 683 1135; x_wconf 81' lang='lat' dir='ltr'>correctionem.</span> 
     </span>
    </p>
   </div>
   <div class='ocr_carea' id='block_1_6' title="bbox 25 1349 1045 1739">
    <p class='ocr_par' dir='ltr' id='par_1_6' title="bbox 25 1349 1045 1739">
     <span class='ocr_line' id='line_1_9' title="bbox 65 1349 1014 1415; baseline -0.002 -1"><span class='ocrx_word' id='word_1_41' title='bbox 65 1349 168 1414; x_wconf 79' lang='lat' dir='ltr'>Aurei</span> <span class='ocrx_word' id='word_1_42' title='bbox 190 1371 280 1415; x_wconf 91' lang='lat' dir='ltr'>num.</span> <span class='ocrx_word' id='word_1_43' title='bbox 327 1352 360 1415; x_wconf 99' lang='grc'><strong>1.</strong></span> <span class='ocrx_word' id='word_1_44' title='bbox 438 1351 470 1414; x_wconf 74' lang='lat'>2.</span> <span class='ocrx_word' id='word_1_45' title='bbox 549 1350 581 1412; x_wconf 80' lang='grc'><strong>5.</strong></span> <span class='ocrx_word' id='word_1_46' title='bbox 652 1349 684 1414; x_wconf 79' lang='lat' dir='ltr'>t.</span> <span class='ocrx_word' id='word_1_47' title='bbox 766 1351 797 1413; x_wconf 78' lang='lat' dir='ltr'>n.</span> <span class='ocrx_word' id='word_1_48' title='bbox 881 1351 913 1414; x_wconf 86' lang='grc'><strong>0.</strong></span> <span class='ocrx_word' id='word_1_49' title='bbox 981 1349 1014 1412; x_wconf 92' lang='grc'><strong>7.</strong></span> 
     </span>
     <span class='ocr_line' id='line_1_10' title="bbox 65 1440 1044 1548; baseline -0.002 -40"><span class='ocrx_word' id='word_1_50' title='bbox 65 1447 206 1530; x_wconf 82' lang='lat' dir='ltr'>Epnctae.</span> <span class='ocrx_word' id='word_1_51' title='bbox 316 1444 361 1531; x_wconf 84' lang='lat' dir='ltr'>xj.</span> <span class='ocrx_word' id='word_1_52' title='bbox 409 1444 488 1531; x_wconf 84' lang='lat' dir='ltr'>xxij.</span> <span class='ocrx_word' id='word_1_53' title='bbox 535 1443 583 1529; x_wconf 89' lang='lat' dir='ltr'>iij.</span> <span class='ocrx_word' id='word_1_54' title='bbox 630 1445 697 1509; x_wconf 85' lang='lat' dir='ltr'>xiv.</span> <span class='ocrx_word' id='word_1_55' title='bbox 744 1466 820 1510; x_wconf 81' lang='lat' dir='ltr'>xxv.</span> <span class='ocrx_word' id='word_1_56' title='bbox 867 1442 913 1530; x_wconf 87' lang='lat' dir='ltr'>vj.</span> <span class='ocrx_word' id='word_1_57' title='bbox 959 1440 1044 1548; x_wconf 53' lang='lat' dir='ltr'>xiij.</span> 
     </span>
     <span class='ocr_line' id='line_1_11' title="bbox 66 1557 1039 1624; baseline -0.002 -2"><span class='ocrx_word' id='word_1_58' title='bbox 66 1560 98 1622; x_wconf 85' lang='lat'>8.</span> <span class='ocrx_word' id='word_1_59' title='bbox 187 1558 219 1622; x_wconf 93' lang='grc'><strong>9.</strong></span> <span class='ocrx_word' id='word_1_60' title='bbox 299 1559 351 1622; x_wconf 88' lang='grc'>10.</span> <span class='ocrx_word' id='word_1_61' title='bbox 436 1559 489 1622; x_wconf 95' lang='grc'><strong>11.</strong></span> <span class='ocrx_word' id='word_1_62' title='bbox 561 1559 613 1621; x_wconf 72' lang='lat' dir='ltr'>tu.</span> <span class='ocrx_word' id='word_1_63' title='bbox 720 1559 774 1622; x_wconf 80' lang='grc'><strong>15.</strong></span> <span class='ocrx_word' id='word_1_64' title='bbox 866 1557 920 1624; x_wconf 80' lang='grc'><strong>11.</strong></span> <span class='ocrx_word' id='word_1_65' title='bbox 985 1557 1039 1622; x_wconf 75' lang='lat' dir='ltr'>tt.</span> 
     </span>
     <span class='ocr_line' id='line_1_12' title="bbox 25 1651 1045 1739; baseline 0 -23"><span class='ocrx_word' id='word_1_66' title='bbox 25 1651 138 1738; x_wconf 83' lang='lat' dir='ltr'>xxviij.</span> <span class='ocrx_word' id='word_1_67' title='bbox 183 1652 227 1715; x_wconf 85' lang='lat' dir='ltr'>ix.</span> <span class='ocrx_word' id='word_1_68' title='bbox 301 1673 354 1715; x_wconf 84' lang='lat' dir='ltr'>xx.</span> <span class='ocrx_word' id='word_1_69' title='bbox 439 1651 469 1737; x_wconf 91' lang='lat' dir='ltr'>j.</span> <span class='ocrx_word' id='word_1_70' title='bbox 557 1651 616 1738; x_wconf 86' lang='lat' dir='ltr'>xij.</span> <span class='ocrx_word' id='word_1_71' title='bbox 700 1651 792 1739; x_wconf 86' lang='lat' dir='ltr'>xxiij.</span> <span class='ocrx_word' id='word_1_72' title='bbox 866 1653 911 1717; x_wconf 79' lang='lat' dir='ltr'>ir.</span> <span class='ocrx_word' id='word_1_73' title='bbox 987 1673 1045 1718; x_wconf 79' lang='lat' dir='ltr'>xv.</span> 
     </span>
    </p>
   </div>
   <div class='ocr_carea' id='block_1_7' title="bbox 41 1743 1042 1758">
    <p class='ocr_par' dir='ltr' id='par_1_7' title="bbox 41 1743 1042 1758">
     <span class='ocr_line' id='line_1_13' title="bbox 41 1743 1042 1758; baseline -0.002 -1"><span class='ocrx_word' id='word_1_74' title='bbox 41 1743 1042 1758; x_wconf 51' lang='lat' dir='ltr'>uma-W</span> 
     </span>
    </p>
   </div>
   <div class='ocr_carea' id='block_1_8' title="bbox 27 1765 518 1946">
    <p class='ocr_par' dir='ltr' id='par_1_8' title="bbox 27 1765 518 1946">
     <span class='ocr_line' id='line_1_14' title="bbox 40 1765 503 1872; baseline -0.002 -43"><span class='ocrx_word' id='word_1_75' title='bbox 40 1767 98 1872; x_wconf 75' lang='grc'>16.1</span> <span class='ocrx_word' id='word_1_76' title='bbox 173 1767 227 1830; x_wconf 88' lang='grc'>17.</span> <span class='ocrx_word' id='word_1_77' title='bbox 317 1765 370 1828; x_wconf 93' lang='grc'><strong>18.</strong></span> <span class='ocrx_word' id='word_1_78' title='bbox 450 1766 503 1829; x_wconf 93' lang='grc'><strong>19.</strong></span> 
     </span>
     <span class='ocr_line' id='line_1_15' title="bbox 27 1858 518 1946; baseline 0 -24"><span class='ocrx_word' id='word_1_79' title='bbox 27 1882 112 1946; x_wconf 72' lang='lat' dir='ltr'>xxvj.</span> <span class='ocrx_word' id='word_1_80' title='bbox 172 1858 230 1945; x_wconf 85' lang='lat' dir='ltr'>vij.</span> <span class='ocrx_word' id='word_1_81' title='bbox 293 1859 383 1946; x_wconf 84' lang='lat' dir='ltr'>xviij.</span> <span class='ocrx_word' id='word_1_82' title='bbox 430 1860 518 1923; x_wconf 82' lang='lat' dir='ltr'>xxix.</span> 
     </span>
    </p>
   </div>
   <div class='ocr_carea' id='block_1_9' title="bbox 27 2139 1049 4210">
    <p class='ocr_par' dir='ltr' id='par_1_9' title="bbox 27 2139 1049 4210">
     <span class='ocr_line' id='line_1_16' title="bbox 67 2139 1048 2229; baseline -0.001 -21"><span class='ocrx_word' id='word_1_83' title='bbox 67 2143 154 2225; x_wconf 83' lang='lat' dir='ltr'>Quia</span> <span class='ocrx_word' id='word_1_84' title='bbox 177 2163 255 2209; x_wconf 82' lang='lat' dir='ltr'>vero</span> <span class='ocrx_word' id='word_1_85' title='bbox 270 2141 383 2229; x_wconf 84' lang='lat' dir='ltr'>Cyclus</span> <span class='ocrx_word' id='word_1_86' title='bbox 397 2139 688 2207; x_wconf 73' lang='lat' dir='ltr'>decennovennalis</span> <span class='ocrx_word' id='word_1_87' title='bbox 707 2141 807 2206; x_wconf 76' lang='lat' dir='ltr'>Aurei</span> <span class='ocrx_word' id='word_1_88' title='bbox 831 2142 958 2206; x_wconf 86' lang='lat' dir='ltr'>numeri</span> <span class='ocrx_word' id='word_1_89' title='bbox 982 2143 1048 2207; x_wconf 89' lang='lat' dir='ltr'>im·</span> 
     </span>
     <span class='ocr_line' id='line_1_17' title="bbox 32 2236 1043 2321; baseline 0 -21"><span class='ocrx_word' id='word_1_90' title='bbox 32 2237 192 2321; x_wconf 79' lang='lat' dir='ltr'>perfectus</span> <span class='ocrx_word' id='word_1_91' title='bbox 205 2246 265 2318; x_wconf 82' lang='lat' dir='ltr'>est,</span> <span class='ocrx_word' id='word_1_92' title='bbox 278 2257 351 2302; x_wconf 90' lang='lat' dir='ltr'>cum</span> <span class='ocrx_word' id='word_1_93' title='bbox 365 2236 536 2301; x_wconf 77' lang='lat' dir='ltr'>Novidunie</span> <span class='ocrx_word' id='word_1_94' title='bbox 563 2245 636 2320; x_wconf 81' lang='lat' dir='ltr'>post</span> <span class='ocrx_word' id='word_1_95' title='bbox 659 2236 701 2301; x_wconf 94' lang='grc'>19</span> <span class='ocrx_word' id='word_1_96' title='bbox 715 2257 815 2302; x_wconf 88' lang='lat' dir='ltr'>uunos</span> <span class='ocrx_word' id='word_1_97' title='bbox 831 2236 957 2301; x_wconf 83' lang='lat' dir='ltr'>Solnres</span> <span class='ocrx_word' id='word_1_98' title='bbox 978 2255 1043 2301; x_wconf 90' lang='lat' dir='ltr'>non</span> 
     </span>
     <span class='ocr_line' id='line_1_18' title="bbox 29 2327 1048 2420; baseline 0.003 -27"><span class='ocrx_word' id='word_1_99' title='bbox 29 2329 156 2414; x_wconf 78' lang='lat' dir='ltr'>precise</span> <span class='ocrx_word' id='word_1_100' title='bbox 171 2327 212 2394; x_wconf 85' lang='lat' dir='ltr'>ed</span> <span class='ocrx_word' id='word_1_101' title='bbox 229 2327 342 2395; x_wconf 85' lang='lat' dir='ltr'>endem</span> <span class='ocrx_word' id='word_1_102' title='bbox 368 2331 437 2420; x_wconf 78' lang='lat' dir='ltr'>loen</span> <span class='ocrx_word' id='word_1_103' title='bbox 460 2327 611 2414; x_wconf 82' lang='lat' dir='ltr'>redeant,</span> <span class='ocrx_word' id='word_1_104' title='bbox 628 2340 664 2395; x_wconf 88' lang='lat' dir='ltr'>nt</span> <span class='ocrx_word' id='word_1_105' title='bbox 691 2329 813 2396; x_wconf 89' lang='lat' dir='ltr'>dictum</span> <span class='ocrx_word' id='word_1_106' title='bbox 838 2339 897 2413; x_wconf 87' lang='lat' dir='ltr'>est,</span> <span class='ocrx_word' id='word_1_107' title='bbox 925 2330 1048 2416; x_wconf 89' lang='lat' dir='ltr'>imper·-</span> 
     </span>
     <span class='ocr_line' id='line_1_19' title="bbox 27 2423 1045 2512; baseline 0.004 -26"><span class='ocrx_word' id='word_1_108' title='bbox 27 2423 124 2490; x_wconf 86' lang='lat' dir='ltr'>seetus</span> <span class='ocrx_word' id='word_1_109' title='bbox 152 2426 250 2490; x_wconf 84' lang='lat' dir='ltr'>etium</span> <span class='ocrx_word' id='word_1_110' title='bbox 283 2426 344 2490; x_wconf 90' lang='lat' dir='ltr'>erit</span> <span class='ocrx_word' id='word_1_111' title='bbox 369 2425 422 2490; x_wconf 87' lang='lat' dir='ltr'>tric</span> <span class='ocrx_word' id='word_1_112' title='bbox 446 2424 559 2511; x_wconf 86' lang='lat' dir='ltr'>Cyctus</span> <span class='ocrx_word' id='word_1_113' title='bbox 589 2426 631 2490; x_wconf 90' lang='grc'>19</span> <span class='ocrx_word' id='word_1_114' title='bbox 656 2426 861 2512; x_wconf 82' lang='lat' dir='ltr'>Epsctsrnm.</span> <span class='ocrx_word' id='word_1_115' title='bbox 878 2424 1045 2506; x_wconf 80' lang='lat' dir='ltr'>Quamob-</span> 
     </span>
     <span class='ocr_line' id='line_1_20' title="bbox 27 2515 1046 2606; baseline 0.003 -27"><span class='ocrx_word' id='word_1_116' title='bbox 27 2539 90 2583; x_wconf 90' lang='lat' dir='ltr'>rem</span> <span class='ocrx_word' id='word_1_117' title='bbox 120 2521 168 2586; x_wconf 83' lang='lat' dir='ltr'>ite</span> <span class='ocrx_word' id='word_1_118' title='bbox 196 2517 385 2586; x_wconf 76' lang='lat' dir='ltr'>emendatus</span> <span class='ocrx_word' id='word_1_119' title='bbox 421 2530 480 2601; x_wconf 84' lang='lat' dir='ltr'>est,</span> <span class='ocrx_word' id='word_1_120' title='bbox 518 2529 556 2584; x_wconf 88' lang='lat' dir='ltr'>ut</span> <span class='ocrx_word' id='word_1_121' title='bbox 585 2519 618 2584; x_wconf 90' lang='lat' dir='ltr'>in</span> <span class='ocrx_word' id='word_1_122' title='bbox 647 2529 816 2606; x_wconf 88' lang='lat' dir='ltr'>posterum</span> <span class='ocrx_word' id='word_1_123' title='bbox 847 2520 918 2584; x_wconf 89' lang='lat' dir='ltr'>loeo</span> <span class='ocrx_word' id='word_1_124' title='bbox 944 2515 1046 2582; x_wconf 80' lang='lat' dir='ltr'>Aurei</span> 
     </span>
     <span class='ocr_line' id='line_1_21' title="bbox 29 2611 1045 2700; baseline 0.002 -26"><span class='ocrx_word' id='word_1_125' title='bbox 29 2615 163 2696; x_wconf 88' lang='lat' dir='ltr'>numeri,</span> <span class='ocrx_word' id='word_1_126' title='bbox 178 2623 211 2677; x_wconf 90' lang='lat' dir='ltr'>et</span> <span class='ocrx_word' id='word_1_127' title='bbox 225 2611 384 2679; x_wconf 84' lang='lat' dir='ltr'>dictorum</span> <span class='ocrx_word' id='word_1_128' title='bbox 409 2614 451 2678; x_wconf 91' lang='grc'>19</span> <span class='ocrx_word' id='word_1_129' title='bbox 470 2614 677 2700; x_wconf 82' lang='lat' dir='ltr'>Epaotemm,</span> <span class='ocrx_word' id='word_1_130' title='bbox 694 2624 825 2680; x_wconf 79' lang='lat' dir='ltr'>utemur</span> <span class='ocrx_word' id='word_1_131' title='bbox 838 2614 882 2679; x_wconf 73' lang='lat'>50</span> <span class='ocrx_word' id='word_1_132' title='bbox 898 2613 1045 2677; x_wconf 86' lang='lat' dir='ltr'>numeris</span> 
     </span>
     <span class='ocr_line' id='line_1_22' title="bbox 30 2703 1041 2795; baseline 0.002 -28"><span class='ocrx_word' id='word_1_133' title='bbox 30 2705 223 2790; x_wconf 81' lang='lat' dir='ltr'>epactalibus</span> <span class='ocrx_word' id='word_1_134' title='bbox 247 2706 289 2771; x_wconf 86' lang='lat' dir='ltr'>eb</span> <span class='ocrx_word' id='word_1_135' title='bbox 305 2708 321 2771; x_wconf 84' lang='lat'>1</span> <span class='ocrx_word' id='word_1_136' title='bbox 338 2727 441 2795; x_wconf 88' lang='lat' dir='ltr'>usque</span> <span class='ocrx_word' id='word_1_137' title='bbox 470 2704 512 2770; x_wconf 84' lang='lat' dir='ltr'>ed</span> <span class='ocrx_word' id='word_1_138' title='bbox 526 2707 580 2792; x_wconf 76' lang='lat'>50,</span> <span class='ocrx_word' id='word_1_139' title='bbox 597 2705 712 2773; x_wconf 89' lang='lat' dir='ltr'>ordine</span> <span class='ocrx_word' id='word_1_140' title='bbox 744 2703 1041 2795; x_wconf 75' lang='lat' dir='ltr'>progredientibus,</span> 
     </span>
     <span class='ocr_line' id='line_1_23' title="bbox 29 2799 1046 2890; baseline 0.001 -28"><span class='ocrx_word' id='word_1_141' title='bbox 29 2800 173 2884; x_wconf 82' lang='lat' dir='ltr'>quumvis</span> <span class='ocrx_word' id='word_1_142' title='bbox 203 2801 317 2867; x_wconf 85' lang='lat' dir='ltr'>uttimn</span> <span class='ocrx_word' id='word_1_143' title='bbox 333 2803 466 2888; x_wconf 84' lang='lat' dir='ltr'>Epecte,</span> <span class='ocrx_word' id='word_1_144' title='bbox 489 2801 556 2867; x_wconf 81' lang='lat' dir='ltr'>sive</span> <span class='ocrx_word' id='word_1_145' title='bbox 583 2823 655 2890; x_wconf 74' lang='lat' dir='ltr'>que</span> <span class='ocrx_word' id='word_1_146' title='bbox 677 2799 790 2867; x_wconf 87' lang='lat' dir='ltr'>ordine</span> <span class='ocrx_word' id='word_1_147' title='bbox 807 2800 1046 2887; x_wconf 77' lang='lat' dir='ltr'>esttrigesimu,</span> 
     </span>
     <span class='ocr_line' id='line_1_24' title="bbox 29 2891 1044 2984; baseline 0.002 -28"><span class='ocrx_word' id='word_1_148' title='bbox 29 2905 131 2962; x_wconf 79' lang='lat' dir='ltr'>notate</span> <span class='ocrx_word' id='word_1_149' title='bbox 146 2918 282 2961; x_wconf 90' lang='lat' dir='ltr'>numero</span> <span class='ocrx_word' id='word_1_150' title='bbox 297 2919 361 2963; x_wconf 88' lang='lat' dir='ltr'>non</span> <span class='ocrx_word' id='word_1_151' title='bbox 377 2898 428 2979; x_wconf 92' lang='lat' dir='ltr'>sit,</span> <span class='ocrx_word' id='word_1_152' title='bbox 446 2893 502 2960; x_wconf 85' lang='lat' dir='ltr'>sed</span> <span class='ocrx_word' id='word_1_153' title='bbox 526 2897 617 2984; x_wconf 77' lang='lat' dir='ltr'>signo</span> <span class='ocrx_word' id='word_1_154' title='bbox 643 2897 704 2962; x_wconf 84' lang='lat' dir='ltr'>hoc</span> <span class='ocrx_word' id='word_1_155' title='bbox 719 2894 746 2974; x_wconf 78' lang='grc'>*,</span> <span class='ocrx_word' id='word_1_156' title='bbox 759 2905 930 2983; x_wconf 80' lang='lat' dir='ltr'>propterea</span> <span class='ocrx_word' id='word_1_157' title='bbox 956 2891 1044 2982; x_wconf 85' lang='lat' dir='ltr'>quod</span> 
     </span>
     <span class='ocr_line' id='line_1_25' title="bbox 28 2988 1044 3080; baseline -0.002 -28"><span class='ocrx_word' id='word_1_158' title='bbox 28 2991 110 3055; x_wconf 81' lang='lat' dir='ltr'>nulla</span> <span class='ocrx_word' id='word_1_159' title='bbox 130 2993 251 3077; x_wconf 79' lang='lat' dir='ltr'>Epnctn</span> <span class='ocrx_word' id='word_1_160' title='bbox 265 3013 333 3058; x_wconf 81' lang='lat' dir='ltr'>esse</span> <span class='ocrx_word' id='word_1_161' title='bbox 349 2993 448 3080; x_wconf 85' lang='lat' dir='ltr'>possit</span> <span class='ocrx_word' id='word_1_162' title='bbox 463 2992 517 3055; x_wconf 79' lang='grc'><strong>50.</strong></span> <span class='ocrx_word' id='word_1_163' title='bbox 534 2991 640 3058; x_wconf 80' lang='lat' dir='ltr'>Variis</span> <span class='ocrx_word' id='word_1_164' title='bbox 661 3000 769 3056; x_wconf 80' lang='lat' dir='ltr'>autem</span> <span class='ocrx_word' id='word_1_165' title='bbox 785 2988 985 3075; x_wconf 70' lang='lat' dir='ltr'>temporibus</span> <span class='ocrx_word' id='word_1_166' title='bbox 1002 3007 1044 3051; x_wconf 85' lang='lat' dir='ltr'>ex</span> 
     </span>
     <span class='ocr_line' id='line_1_26' title="bbox 28 3082 1045 3174; baseline 0.002 -30"><span class='ocrx_word' id='word_1_167' title='bbox 28 3082 72 3146; x_wconf 89' lang='lat' dir='ltr'>his</span> <span class='ocrx_word' id='word_1_168' title='bbox 98 3086 143 3151; x_wconf 82' lang='grc'>50</span> <span class='ocrx_word' id='word_1_169' title='bbox 156 3087 284 3173; x_wconf 79' lang='lat' dir='ltr'>Epnctis</span> <span class='ocrx_word' id='word_1_170' title='bbox 302 3085 497 3174; x_wconf 82' lang='lat' dir='ltr'>respondent</span> <span class='ocrx_word' id='word_1_171' title='bbox 518 3083 631 3150; x_wconf 89' lang='lat' dir='ltr'>decem</span> <span class='ocrx_word' id='word_1_172' title='bbox 647 3095 680 3150; x_wconf 90' lang='lat' dir='ltr'>et</span> <span class='ocrx_word' id='word_1_173' title='bbox 694 3105 812 3150; x_wconf 87' lang='lat' dir='ltr'>novem</span> <span class='ocrx_word' id='word_1_174' title='bbox 838 3082 955 3148; x_wconf 82' lang='lat' dir='ltr'>Aureis</span> <span class='ocrx_word' id='word_1_175' title='bbox 978 3101 1045 3146; x_wconf 87' lang='lat' dir='ltr'>nu·</span> 
     </span>
     <span class='ocr_line' id='line_1_27' title="bbox 29 3176 1043 3266; baseline -0.001 -26"><span class='ocrx_word' id='word_1_176' title='bbox 29 3178 119 3243; x_wconf 88' lang='lat' dir='ltr'>meris</span> <span class='ocrx_word' id='word_1_177' title='bbox 145 3179 244 3246; x_wconf 72' lang='lat' dir='ltr'>verice</span> <span class='ocrx_word' id='word_1_178' title='bbox 265 3178 377 3246; x_wconf 89' lang='lat' dir='ltr'>decem</span> <span class='ocrx_word' id='word_1_179' title='bbox 397 3191 429 3246; x_wconf 90' lang='lat' dir='ltr'>et</span> <span class='ocrx_word' id='word_1_180' title='bbox 454 3199 571 3246; x_wconf 83' lang='lat' dir='ltr'>novem</span> <span class='ocrx_word' id='word_1_181' title='bbox 586 3180 725 3266; x_wconf 82' lang='lat' dir='ltr'>Epactae,</span> <span class='ocrx_word' id='word_1_182' title='bbox 738 3186 835 3262; x_wconf 86' lang='lat' dir='ltr'>prout</span> <span class='ocrx_word' id='word_1_183' title='bbox 849 3176 970 3241; x_wconf 80' lang='lat' dir='ltr'>Soteris</span> <span class='ocrx_word' id='word_1_184' title='bbox 987 3197 1043 3240; x_wconf 83' lang='lat' dir='ltr'>en·</span> 
     </span>
     <span class='ocr_line' id='line_1_28' title="bbox 30 3268 1043 3363; baseline 0.002 -31"><span class='ocrx_word' id='word_1_185' title='bbox 30 3272 59 3333; x_wconf 90' lang='lat' dir='ltr'>ni</span> <span class='ocrx_word' id='word_1_186' title='bbox 83 3292 120 3338; x_wconf 85' lang='lat' dir='ltr'>ec</span> <span class='ocrx_word' id='word_1_187' title='bbox 135 3274 273 3339; x_wconf 79' lang='lat' dir='ltr'>Lunaris</span> <span class='ocrx_word' id='word_1_188' title='bbox 303 3275 440 3363; x_wconf 76' lang='lat' dir='ltr'>equatio</span> <span class='ocrx_word' id='word_1_189' title='bbox 471 3274 636 3359; x_wconf 78' lang='lat' dir='ltr'>exposcit:</span> <span class='ocrx_word' id='word_1_190' title='bbox 655 3293 735 3361; x_wconf 73' lang='lat' dir='ltr'>‚quie</span> <span class='ocrx_word' id='word_1_191' title='bbox 765 3268 897 3359; x_wconf 87' lang='lat' dir='ltr'>quidem</span> <span class='ocrx_word' id='word_1_192' title='bbox 927 3268 1043 3335; x_wconf 86' lang='lat' dir='ltr'>decem</span> 
     </span>
     <span class='ocr_line' id='line_1_29' title="bbox 32 3361 1047 3456; baseline -0.003 -28"><span class='ocrx_word' id='word_1_193' title='bbox 32 3375 59 3428; x_wconf 89' lang='lat' dir='ltr'>et</span> <span class='ocrx_word' id='word_1_194' title='bbox 82 3388 201 3434; x_wconf 80' lang='lat' dir='ltr'>novem</span> <span class='ocrx_word' id='word_1_195' title='bbox 216 3370 344 3456; x_wconf 80' lang='lat' dir='ltr'>Epectae</span> <span class='ocrx_word' id='word_1_196' title='bbox 359 3365 625 3456; x_wconf 85' lang='lat' dir='ltr'>progrediuntur,</span> <span class='ocrx_word' id='word_1_197' title='bbox 643 3377 678 3432; x_wconf 87' lang='lat' dir='ltr'>nt</span> <span class='ocrx_word' id='word_1_198' title='bbox 700 3366 791 3448; x_wconf 87' lang='lat' dir='ltr'>otim,</span> <span class='ocrx_word' id='word_1_199' title='bbox 809 3385 870 3450; x_wconf 89' lang='lat' dir='ltr'>per</span> <span class='ocrx_word' id='word_1_200' title='bbox 893 3361 1047 3427; x_wconf 87' lang='lat' dir='ltr'>eumdem</span> 
     </span>
     <span class='ocr_line' id='line_1_30' title="bbox 31 3459 1049 3550; baseline -0.001 -28"><span class='ocrx_word' id='word_1_201' title='bbox 31 3480 195 3527; x_wconf 88' lang='lat' dir='ltr'>numerum</span> <span class='ocrx_word' id='word_1_202' title='bbox 222 3465 277 3546; x_wconf 96' lang='grc'>11,</span> <span class='ocrx_word' id='word_1_203' title='bbox 291 3461 519 3550; x_wconf 72' lang='lat' dir='ltr'>reddunturque</span> <span class='ocrx_word' id='word_1_204' title='bbox 542 3483 672 3548; x_wconf 86' lang='lat' dir='ltr'>semper</span> <span class='ocrx_word' id='word_1_205' title='bbox 692 3461 734 3525; x_wconf 77' lang='lat' dir='ltr'>tu</span> <span class='ocrx_word' id='word_1_206' title='bbox 755 3459 801 3525; x_wconf 83' lang='lat' dir='ltr'>illi</span> <span class='ocrx_word' id='word_1_207' title='bbox 816 3460 954 3545; x_wconf 78' lang='lat' dir='ltr'>Epoctoe,</span> <span class='ocrx_word' id='word_1_208' title='bbox 973 3479 1049 3545; x_wconf 76' lang='lat' dir='ltr'>quoe</span> 
     </span>
     <span class='ocr_line' id='line_1_31' title="bbox 30 3554 1045 3641; baseline 0.001 -25"><span class='ocrx_word' id='word_1_209' title='bbox 30 3555 195 3640; x_wconf 84' lang='lat' dir='ltr'>respondet</span> <span class='ocrx_word' id='word_1_210' title='bbox 209 3555 319 3623; x_wconf 81' lang='lat' dir='ltr'>Aureo</span> <span class='ocrx_word' id='word_1_211' title='bbox 330 3579 466 3623; x_wconf 91' lang='lat' dir='ltr'>numero</span> <span class='ocrx_word' id='word_1_212' title='bbox 477 3559 532 3638; x_wconf 89' lang='grc'>19,</span> <span class='ocrx_word' id='word_1_213' title='bbox 550 3567 587 3623; x_wconf 88' lang='lat' dir='ltr'>ut</span> <span class='ocrx_word' id='word_1_214' title='bbox 600 3557 759 3623; x_wconf 81' lang='lat' dir='ltr'>habentur</span> <span class='ocrx_word' id='word_1_215' title='bbox 772 3574 910 3641; x_wconf 88' lang='lat' dir='ltr'>sequens</span> <span class='ocrx_word' id='word_1_216' title='bbox 924 3554 1045 3638; x_wconf 82' lang='lat' dir='ltr'>Epucte</span> 
     </span>
     <span class='ocr_line' id='line_1_32' title="bbox 31 3649 1048 3736; baseline 0.001 -26"><span class='ocrx_word' id='word_1_217' title='bbox 31 3649 219 3735; x_wconf 80' lang='lat' dir='ltr'>respondens</span> <span class='ocrx_word' id='word_1_218' title='bbox 232 3651 341 3719; x_wconf 81' lang='lat' dir='ltr'>Aureo</span> <span class='ocrx_word' id='word_1_219' title='bbox 361 3674 497 3719; x_wconf 87' lang='lat' dir='ltr'>numero</span> <span class='ocrx_word' id='word_1_220' title='bbox 517 3655 552 3732; x_wconf 88' lang='lat' dir='ltr'>t,</span> <span class='ocrx_word' id='word_1_221' title='bbox 581 3653 624 3720; x_wconf 85' lang='lat' dir='ltr'>ob</span> <span class='ocrx_word' id='word_1_222' title='bbox 654 3653 816 3717; x_wconf 84' lang='lat' dir='ltr'>rationem</span> <span class='ocrx_word' id='word_1_223' title='bbox 845 3650 942 3736; x_wconf 81' lang='lat' dir='ltr'>paulo</span> <span class='ocrx_word' id='word_1_224' title='bbox 969 3655 1048 3712; x_wconf 84' lang='lat' dir='ltr'>unte</span> 
     </span>
     <span class='ocr_line' id='line_1_33' title="bbox 33 3738 1048 3838; baseline -0.002 -29"><span class='ocrx_word' id='word_1_225' title='bbox 33 3738 155 3810; x_wconf 80' lang='lat' dir='ltr'>dietam.</span> <span class='ocrx_word' id='word_1_226' title='bbox 181 3745 219 3812; x_wconf 88' lang='lat' dir='ltr'>Id</span> <span class='ocrx_word' id='word_1_227' title='bbox 234 3747 324 3836; x_wconf 88' lang='lat' dir='ltr'>qnod</span> <span class='ocrx_word' id='word_1_228' title='bbox 337 3770 475 3838; x_wconf 82' lang='lat' dir='ltr'>sequens</span> <span class='ocrx_word' id='word_1_229' title='bbox 492 3749 612 3817; x_wconf 79' lang='lat' dir='ltr'>tubelle</span> <span class='ocrx_word' id='word_1_230' title='bbox 628 3748 833 3834; x_wconf 85' lang='lat' dir='ltr'>perspicuum</span> <span class='ocrx_word' id='word_1_231' title='bbox 844 3744 953 3826; x_wconf 77' lang='lat' dir='ltr'>faciet,</span> <span class='ocrx_word' id='word_1_232' title='bbox 971 3763 1048 3829; x_wconf 74' lang='lat' dir='ltr'>que</span> 
     </span>
     <span class='ocr_line' id='line_1_34' title="bbox 33 3833 1047 3928; baseline 0.006 -33"><span class='ocrx_word' id='word_1_233' title='bbox 33 3837 167 3903; x_wconf 87' lang='lat' dir='ltr'>continet</span> <span class='ocrx_word' id='word_1_234' title='bbox 185 3839 311 3906; x_wconf 83' lang='lat' dir='ltr'>Aureos</span> <span class='ocrx_word' id='word_1_235' title='bbox 322 3864 473 3908; x_wconf 86' lang='lat' dir='ltr'>numeros</span> <span class='ocrx_word' id='word_1_236' title='bbox 488 3849 521 3907; x_wconf 92' lang='lat' dir='ltr'>ct</span> <span class='ocrx_word' id='word_1_237' title='bbox 536 3843 671 3928; x_wconf 83' lang='lat' dir='ltr'>Epectus</span> <span class='ocrx_word' id='word_1_238' title='bbox 694 3843 825 3906; x_wconf 82' lang='lat' dir='ltr'>intense</span> <span class='ocrx_word' id='word_1_239' title='bbox 843 3833 1047 3922; x_wconf 87' lang='lat' dir='ltr'>responden·</span> 
     </span>
     <span class='ocr_line' id='line_1_35' title="bbox 35 3927 1044 4023; baseline -0.002 -27"><span class='ocrx_word' id='word_1_240' title='bbox 35 3929 128 3995; x_wconf 76' lang='lat' dir='ltr'>teseb</span> <span class='ocrx_word' id='word_1_241' title='bbox 151 3955 235 4000; x_wconf 89' lang='lat' dir='ltr'>unno</span> <span class='ocrx_word' id='word_1_242' title='bbox 264 3936 361 4021; x_wconf 74' lang='grc'><strong>1588,</strong></span> <span class='ocrx_word' id='word_1_243' title='bbox 388 3957 490 4023; x_wconf 81' lang='lat' dir='ltr'>usque</span> <span class='ocrx_word' id='word_1_244' title='bbox 521 3934 564 4000; x_wconf 84' lang='lat' dir='ltr'>ad</span> <span class='ocrx_word' id='word_1_245' title='bbox 594 3955 712 4000; x_wconf 88' lang='lat' dir='ltr'>sunum</span> <span class='ocrx_word' id='word_1_246' title='bbox 747 3932 834 3998; x_wconf 88' lang='grc'><strong>1700</strong></span> <span class='ocrx_word' id='word_1_247' title='bbox 864 3927 1044 3995; x_wconf 82' lang='lat' dir='ltr'>exclusive.</span> 
     </span>
     <span class='ocr_line' id='line_1_36' title="bbox 34 4020 1048 4124; baseline 0.001 -38"><span class='ocrx_word' id='word_1_248' title='bbox 34 4020 178 4124; x_wconf 71' lang='lat' dir='ltr'>Quemvis</span> <span class='ocrx_word' id='word_1_249' title='bbox 192 4039 301 4095; x_wconf 83' lang='lat' dir='ltr'>entem</span> <span class='ocrx_word' id='word_1_250' title='bbox 312 4031 460 4118; x_wconf 74' lang='lat' dir='ltr'>vulgares</span> <span class='ocrx_word' id='word_1_251' title='bbox 487 4030 614 4116; x_wconf 73' lang='lat' dir='ltr'>Epnctae</span> <span class='ocrx_word' id='word_1_252' title='bbox 628 4038 796 4094; x_wconf 89' lang='lat' dir='ltr'>mutentur</span> <span class='ocrx_word' id='word_1_253' title='bbox 810 4027 843 4091; x_wconf 91' lang='lat' dir='ltr'>in</span> <span class='ocrx_word' id='word_1_254' title='bbox 861 4024 987 4108; x_wconf 77' lang='lat' dir='ltr'>Martio,</span> <span class='ocrx_word' id='word_1_255' title='bbox 1008 4043 1048 4087; x_wconf 84' lang='lat' dir='ltr'>re</span> 
     </span>
     <span class='ocr_line' id='line_1_37' title="bbox 36 4120 1047 4210; baseline -0.004 -24"><span class='ocrx_word' id='word_1_256' title='bbox 36 4135 94 4198; x_wconf 64' lang='grc' dir='ltr'>ψεῆ</span> <span class='ocrx_word' id='word_1_257' title='bbox 119 4128 226 4186; x_wconf 82' lang='lat' dir='ltr'>tumen</span> <span class='ocrx_word' id='word_1_258' title='bbox 252 4122 286 4185; x_wconf 92' lang='lat' dir='ltr'>in</span> <span class='ocrx_word' id='word_1_259' title='bbox 313 4123 472 4210; x_wconf 88' lang='lat' dir='ltr'>principio</span> <span class='ocrx_word' id='word_1_260' title='bbox 497 4124 572 4188; x_wconf 84' lang='lat' dir='ltr'>enni</span> <span class='ocrx_word' id='word_1_261' title='bbox 599 4120 759 4190; x_wconf 68' lang='lat' dir='ltr'>mutandae</span> <span class='ocrx_word' id='word_1_262' title='bbox 786 4130 864 4187; x_wconf 89' lang='lat' dir='ltr'>sunt</span> <span class='ocrx_word' id='word_1_263' title='bbox 889 4133 1047 4184; x_wconf 75' lang='lat' dir='ltr'>unacum</span> 
     </span>
    </p>
   </div>
   <div class='ocr_carea' id='block_1_10' title="bbox 0 0 1400 4742">
    <p class='ocr_par' dir='ltr' id='par_1_10' title="bbox 0 0 1400 4742">
     <span class='ocr_line' id='line_1_38' title="bbox 0 0 1400 4742; baseline 0 0"><span class='ocrx_word' id='word_1_264' title='bbox 0 0 1400 4742; x_wconf 95' lang='lat' dir='ltr'> </span> 
     </span>
    </p>
   </div>
  </div>
 </body>
</html>
