2750 4738
338 207 379 272 82
770 227 916 270 sonarem

338 333 497 417 Tempore
514 327 672 406 Paschali,
686 325 718 390 id
735 337 793 410 est,
810 349 829 391 a
844 327 1009 392 Dominica
1030 326 1062 388 in
1077 324 1172 390 Albis
1196 319 1335 412 usquead

336 427 546 491 Pentecosten
563 425 791 510 (praeterquam
814 423 845 485 in
861 422 973 488 Officio
989 420 1198 486 Ascensioois
1213 419 1338 500 Domini)

337 530 400 585 tres
418 517 536 585 Psalmi
555 516 713 604 cujusque
745 517 900 581 Nocturni
928 516 1080 580 dicuntur
1094 514 1158 579 sub
1174 537 1240 580 una
1261 515 1338 579 Anti-

337 616 461 700 phona:
479 623 511 678 et
526 613 558 676 in
573 612 636 675 fine
651 612 866 692 Psalmorum,
886 621 955 696 post
970 611 1117 674 ultimam
1132 609 1338 696 Antiphonem

334 709 493 796 cujusque
506 709 676 788 Nocturni,
703 705 823 771 dieitur
847 708 985 787 Versus3
1015 714 1127 792 postea
1152 707 1253 770 Pater
1279 725 1340 766 nos·

336 813 396 882 ter,
421 806 461 870 Et
488 825 528 868 ne
557 824 634 885 uos,
658 801 827 866 Absolutio
856 801 993 884 Exaudi,
1028 801 1224 866 Benedictio
1248 801 1340 863 Benc-

334 900 475 966 dictione
508 909 675 986 perpetua,
709 907 741 962 et
769 900 838 963 aliae
861 897 903 963 ad
935 899 1077 984 singulas
1104 898 1286 972 Lectiones,
1314 904 1343 957 ιιι

334 993 367 1057 in
391 994 495 1080 primu
530 994 698 1058 Dominica
738 989 779 1054 de
813 989 963 1057 Adventu
987 990 1197 1055 ordinentur.
1231 986 1343 1054 Deinde

333 1089 485 1176 leguntur
501 1097 563 1152 tres
579 1088 746 1151 Lectiones
771 1085 812 1149 de
843 1087 1020 1174 Scriptura,
1037 1107 1108 1172 quae
1125 1082 1338 1171 perordinem

333 1182 366 1244 in
381 1181 493 1246 Officio
509 1181 549 1246 dc
564 1184 720 1267 Tempore
732 1190 904 1245 occurrunt
917 1182 991 1268 (nisi
1017 1183 1086 1245 aliae
1113 1175 1337 1268 assignentur),

332 1287 364 1340 et
388 1275 428 1340 ad
458 1279 600 1363 singulas
630 1277 796 1340 Lectiones
822 1275 941 1340 dicitur
964 1297 1063 1338 unum
1088 1273 1338 1359 Responsorium

332 1373 529 1437 conveniens
544 1373 675 1437 Officio:
692 1371 717 1436 si
731 1369 771 1435 de
783 1373 952 1458 Tempore,
970 1381 1005 1436 ut
1018 1371 1051 1433 in
1062 1371 1204 1454 Proprio
1217 1369 1339 1450 Tempo-

332 1467 396 1532 ris:
413 1469 440 1532 si
457 1467 502 1538 de¹
513 1469 644 1548 Sancto,
658 1478 693 1533 ut
709 1468 741 1530 in
757 1467 892 1550 Proprio
908 1467 1120 1529 Sanctorumt
1150 1462 1297 1548 alioquin
1312 1469 1339 1521 nt

331 1563 363 1626 in
387 1563 567 1640 Communi,
595 1565 720 1628 etiamsi
740 1563 910 1628 Lectiones
923 1562 1019 1648 primi
1035 1560 1194 1625 Nocturni
1216 1558 1279 1622 sint
1305 1554 1338 1616 de

330 1659 497 1744 Scriptura
513 1659 616 1723 Officii
636 1657 677 1722 de
689 1660 859 1743 Tempore.

373 1767 406 1831 4.
431 1768 469 1830 ln
484 1766 546 1830 linc
562 1766 667 1833 ultimi
683 1765 890 1852 Responsorii
907 1763 1063 1850 cujusquo
1079 1763 1241 1827 Nocturni
1269 1760 1339 1824 diei·

329 1869 382 1923 tur
397 1859 504 1925 Gloria
520 1860 620 1942 Patri,
638 1880 712 1924 eum
729 1859 920 1945 repetitione
937 1859 1035 1943 partis
1063 1858 1290 1942 Responsorii,
1307 1878 1338 1918 co

329 1950 507 2040 modoque
532 1964 662 2018 notatur
676 1954 709 2016 in
725 1955 820 2018 tertio
832 1960 871 2032 ql.
889 1954 1001 2038 primae
1015 1953 1196 2018 Dominioaa
1213 1951 1255 2016 de
1280 1949 1339 2016 Ad·

330 2057 450 2111 ventu:
477 2047 538 2111 nisi
555 2049 650 2112 aliter
665 2047 848 2133 inpropriis
864 2048 941 2111 loeis
957 2048 1112 2134 signetur.

372 2155 405 2218 5.
430 2157 465 2219 ln
479 2154 620 2220 seeundo
636 2158 798 2222 Nocturno
815 2154 967 2220 dicuntur
982 2157 1036 2218 alii
1053 2166 1115 2221 tres
1127 2157 1264 2234 Psalmi,
1280 2157 1338 2219 An·

330 2247 478 2334 tiphonae,
504 2249 636 2329 Versus,
654 2253 749 2316 Pater
765 2261 884 2327 noster,
909 2247 1079 2314 Absolutio
1104 2251 1213 2336 Ipsius
1234 2254 1336 2337 pietas,

329 2352 362 2406 et
377 2342 406 2405 ei
423 2355 655 2429 consequentes
685 2343 944 2423 Benedictiones‚
963 2354 998 2407 ut
1014 2345 1046 2407 in
1063 2343 1150 2409 dicta
1175 2347 1337 2410 Dominica

329 2435 432 2520 prima
448 2434 489 2499 do
504 2436 672 2504 Adventu:
704 2450 766 2503 tres
781 2439 948 2503 Lectiones
964 2435 1005 2501 de
1031 2439 1141 2528 aliquo
1175 2443 1350 2525 Sermone,¹

328 2540 383 2597 aut
399 2528 439 2592 de
452 2532 516 2596 vita
529 2533 614 2596 illius
632 2533 752 2612 Sancti,
768 2531 808 2595 de
824 2554 889 2622 quo
904 2532 938 2598 fit
951 2531 1112 2613 Officium,
1126 2545 1160 2600 et
1175 2535 1219 2598 ad
1232 2556 1339 2622 quam-

328 2623 602 2691 libotLectionem
620 2648 719 2692 unrrm
735 2627 1002 2712 Responsorium.

373 2732 404 2796 6.
429 2734 465 2796 ln
480 2735 574 2798 tertio
590 2735 752 2798 Nocturno
769 2735 822 2797 alii
836 2743 900 2798 tres
913 2735 1031 2799 Psalmi
1045 2756 1118 2800 cum
1131 2736 1348 2824 Antiphonis,¹

328 2836 491 2912 utsupra:
509 2839 579 2913 post
594 2829 719 2893 tertiam
735 2828 966 2914 Antiphonem,
976 2831 1108 2909 Versus,
1118 2832 1336 2908 paternoster,

328 2920 497 2986 Absolutio
512 2922 540 2987 A
557 2925 706 3002 vinculis,
723 2936 755 2987 et
767 2921 1014 2987 Benedictiones
1036 2935 1275 3010 consequentes
1303 2919 1337 2984 ad

328 3017 469 3103 singulas
484 3019 664 3101 Lectiones,
682 3041 754 3106 quae
770 3029 865 3083 eruut
881 3018 921 3083 de
937 3019 1078 3084 Homilia
1099 3022 1284 3106 Evangelii,
1302 3017 1336 3080 dc

328 3111 495 3197 Tempore,
510 3116 562 3180 vel
578 3113 619 3178 de
634 3115 658 3178 F
660 3113 923 3197 esto,seoundum
936 3116 1124 3202 qualitatem
1137 3115 1298 3200 Officii,ut
1309 3116 1336 3176 in

329 3204 442 3272 eadem
460 3209 561 3292 prima
576 3210 742 3276 Dominica
758 3209 798 3274 dc
813 3208 966 3276 Adventu
983 3221 1159 3294 ponuntur.
1177 3213 1257 3276 Post
1282 3211 1335 3276 llll

330 3307 362 3363 et
387 3300 463 3365 Vlll
488 3302 672 3366 Lectionem
688 3301 806 3368 dicitur
820 3305 1073 3387 Responsorium
1092 3304 1206 3368 Officio
1223 3325 1337 3370 conve-

329 3392 432 3470 niens,
448 3391 482 3460 id
498 3406 556 3477 cst,
581 3408 653 3482 post
668 3398 847 3484 quamlibet
872 3420 993 3462 unum:
1028 3397 1202 3486 aliquando
1234 3409 1335 3463 antem

329 3484 447 3552 dicitur
463 3491 557 3557 etiam
576 3502 647 3577 post
663 3515 780 3557 nonam
809 3495 1005 3574 Lectionem,
1023 3504 1059 3558 ut
1072 3494 1138 3556 suis
1152 3495 1233 3558 locis
1250 3504 1336 3558 uota·

333 3591 404 3646 tur:
421 3592 454 3646 et
476 3583 507 3648 in
531 3586 594 3650 fine
619 3589 723 3654 ultimi
747 3589 967 3674 Responsorii,
985 3598 1042 3651 aut
1056 3589 1173 3670 octavi,
1191 3599 1249 3652 aut
1266 3587 1334 3677 poni

330 3670 448 3738 dicitur
463 3677 572 3744 Gloria
587 3682 685 3762 Patri,
703 3694 861 3768 utsupra,
879 3684 939 3748 nisi
950 3683 1043 3746 aliter
1054 3684 1212 3770 signetur.
1231 3685 1336 3749 Sinon

330 3763 448 3832 dicitur
469 3794 587 3840 nonum
612 3777 878 3862 Responsorium,
897 3786 966 3862 post
982 3777 1128 3842 ultimam
1153 3777 1333 3843 Lectionem

330 3855 449 3926 dicitur
460 3865 604 3950 Hymnus
620 3871 663 3932 Te
678 3873 795 3934 Deum.

376 3969 408 4032 7.
434 3971 469 4034 ln
493 3972 605 4040 Officio
620 3977 717 4042 trium
734 3979 935 4057 Lectionum,
951 3975 992 4042 ad
1008 3977 1201 4044 Matutinum
1220 4003 1229 4044 ι
1246 3981 1334 4044 Pater

330 4074 449 4147 arcator,
481 4066 549 4132 Ave
572 4072 684 4150 Maria,
702 4071 817 4152 Credo,
834 4072 969 4170 Domine
995 4071 1092 4154 labia,
1112 4083 1174 4137 eto.
1189 4074 1333 4138 levitatu-
