2754 4740
330 267 580 328 occursoriam,
604 268 668 312 are.
975 253 1038 318 18¹1

73 374 102 436 2.
125 373 158 437 Si
170 374 211 436 sit
223 373 386 436 consectus
404 368 445 434 de
460 392 544 456 aqua
558 393 699 454 rosacea,
716 375 769 440 vel
792 376 922 444 alterius
937 377 1040 443 distil-

35 466 162 546 iatiouis,
186 463 323 528 dubium
347 474 395 529 cst
410 485 449 527 an
472 463 669 530 conficiatur.

73 560 104 623 5.
128 560 160 624 Si
177 560 309 644 coeperit
321 558 496 643 corrumpi,
513 555 570 622 sed
581 579 646 622 uon
662 559 701 624 sit
717 570 906 647 corruptus3
931 564 1042 628 simiti-

36 652 112 717 tersi
128 673 193 716 non
210 654 250 717 sit
262 673 400 739 azymus,
423 649 601 715 secundum
623 673 745 718 morem
758 655 907 720 Ecclesiae
921 656 1041 739 iatiuae,

37 748 206 825 coniicitur,
220 749 276 812 scd
293 747 616 832 conficiens-graviter
628 759 751 833 peccat.

75 844 104 908 t.
129 844 162 906 Si
179 844 344 907 celebrans
366 851 440 906 ante
462 840 741 908 Consecrationem
765 840 942 912 adverterit
963 850 1042 914 Hos·

38 936 106 1002 tiam
122 958 191 1002 esse
204 949 401 1023 corruptam,
424 945 555 1000 autnon
568 956 637 1000 esse
651 936 823 1020 triticeam,
841 950 964 1006 remota
987 944 1042 1008 itta

38 1033 151 1116 Hostia,
181 1034 277 1098 aliam
305 1042 416 1118 ponat,
444 1041 476 1095 ot
496 1031 579 1094 iacta
606 1031 780 1115 oblatione,
807 1032 919 1098 saltem
934 1047 1044 1102 mente

38 1137 193 1213 concepta,
213 1137 424 1214 prosequatur
438 1126 481 1190 ab
497 1145 535 1189 eo
551 1127 633 1208 loco,
651 1127 706 1190 ubi
723 1124 853 1192 desivit.

76 1221 105 1284 5.
130 1222 164 1284 Si
193 1220 227 1284 id
251 1220 427 1286 adverterit
448 1231 520 1306 post
546 1220 836 1300 Consecrationem,
861 1220 957 1284 etiam
972 1231 1044 1305 post

37 1314 113 1378 illius
131 1315 252 1380 Hostia
267 1317 494 1404 sumptionem,
519 1315 622 1400 posita
649 1315 723 1394 alia,
742 1313 817 1378 facit
834 1314 1041 1398 oblationem,

37 1420 183 1495 utsupra,
200 1422 232 1475 et
247 1410 520 1474 aConseoratione
537 1409 679 1494 incipiat,
697 1409 818 1474 scilicet
834 1409 953 1474 abillis
970 1431 1045 1476 ver·

36 1502 90 1583 his,
110 1507 176 1586 Qui
186 1507 289 1590 pridie
306 1527 399 1590 qnam
412 1515 584 1589 pateretur,
602 1504 736 1567 stillam
752 1504 905 1588 priorem,
930 1504 956 1566 si
979 1525 1044 1568 nou

37 1601 175 1684 sumpsit,
194 1611 299 1663 sumat
314 1609 385 1684 post
400 1597 613 1683 sumptionem
637 1596 787 1682 Corporis
803 1607 836 1661 et
859 1597 1042 1684 Sanguinis,

36 1694 82 1756 vel
95 1695 149 1756 alii
165 1692 358 1759 sumendam
370 1690 487 1774 tradat,
511 1692 563 1756 rel
587 1690 705 1754 alicubi
720 1701 910 1755 reverenter
920 1713 1045 1757 conscr-

37 1797 96 1851 ret.
112 1789 145 1852 Si
162 1799 272 1852 autem
295 1787 477 1872 sumpserit,
502 1785 711 1850 nihilominus
726 1795 831 1849 sumat
846 1806 928 1868 eam,
946 1808 1044 1872 pam

37 1884 229 1947 consecravit
243 1905 251 1946 t
267 1882 342 1968 quia
361 1891 557 1966 praeceptum
573 1879 613 1944 de
629 1880 827 1966 perfectione
848 1880 1044 1948 Sacramenti

37 1975 160 2060 majoris
178 1986 226 2041 est
241 1974 403 2061 ponderis,
422 1996 520 2062 quam
531 1972 619 2062 quod
635 1995 653 2038 a
660 1971 785 2060 jejunis
800 1983 956 2038 sumatur.

77 2070 107 2132 6.
131 2068 228 2151 Quod
246 2071 270 2132 si
283 2071 345 2132 hoc
356 2070 520 2155 contingat
535 2080 606 2155 post
629 2069 844 2153 sumptionem
860 2067 1043 2157 Sanguinis,

38 2163 145 2247 apponi
162 2161 261 2228 debet
276 2185 387 2228 rursus
402 2186 504 2228 novus
515 2163 618 2249 ponis,
636 2173 667 2227 et
680 2163 791 2229 vinum
806 2183 879 2227 cum
901 2185 995 2250 aqua,
1014 2174 1048 2229 et

38 2254 112 2320 saeta
127 2256 219 2342 prius
231 2257 405 2334 obtenere,
419 2269 455 2322 ut
478 2278 586 2343 supro,
604 2255 750 2320 sacerdos
763 2267 939 2340 consecret,
965 2258 1047 2322 inci·

38 2349 147 2433 piendo
163 2351 281 2414 abillis
296 2351 415 2432 verbis,
433 2353 497 2432 Qui
504 2352 619 2436 pridie,
635 2351 790 2414 aestatim
806 2360 909 2414 sumat
925 2361 1046 2415 utrum·

39 2464 104 2528 que,
121 2455 153 2509 et
168 2456 384 2530 prosequatur
405 2447 552 2509 Missam:
570 2465 610 2508 ne
626 2445 867 2508 Sacramentum
881 2454 1047 2509 remancat

39 2537 270 2622 imperfectum,
286 2551 319 2603 et
334 2551 370 2603 ut
385 2539 514 2604 debitus
525 2549 672 2604 servetur
683 2536 775 2602 ordo.

75 2635 104 2696 7.
129 2635 163 2696 Si
182 2634 293 2698 Hostia
310 2645 493 2698 consecrata
517 2633 690 2720 dispareat,
703 2633 756 2698 vel
772 2653 846 2697 casu
863 2633 984 2720 aliquo,
1009 2645 1047 2700 ut

23 2738 138 2804 remo,
160 2738 217 2793 aut
232 2729 398 2810 miraculo,
422 2729 475 2794 vel
499 2728 540 2792 oh
563 2728 671 2814 aliquo
694 2725 824 2792 animali
847 2737 1046 2814 accepte,·et

39 2833 169 2907 nequeat
184 2824 332 2907 reperiri,
348 2833 424 2886 tunc
440 2825 539 2886 altera
556 2830 773 2901 consecretur,
790 2821 831 2885 ab
847 2841 885 2884 eo
901 2823 971 2886 loco
994 2823 1046 2884 in·

39 2914 193 2997 oipiendo,
225 2917 289 2996 Qui
308 2917 411 3000 pridie
433 2939 524 3003 quom
547 2927 714 3000 poteretur,
744 2914 828 2980 iacta
859 2914 929 3000 ejus
954 2916 1046 3001 prius

40 3007 208 3095 oblatione,
223 3023 260 3075 ut
274 3033 382 3096 supra.

330 3276 403 3353 IV.
423 3278 477 3352 De
493 3277 633 3369 desecto
649 3281 741 3352 vini.

77 3557 107 3620 t.
131 3555 166 3619 Si
185 3553 357 3618 rioum“sit
380 3553 500 3618 iactum
526 3554 653 3637 penitus
675 3563 813 3635 acetum,
841 3555 894 3618 vet
917 3555 1048 3640 penitus

39 3647 211 3731 putridum,
229 3651 281 3712 vei
305 3647 346 3711 dc
359 3649 430 3712 uvis
445 3648 580 3728 acerbis,
605 3668 661 3711 seu
684 3669 749 3711 non
771 3649 1046 3733 moturisexpres·

40 3761 113 3820 sum,
132 3744 185 3806 vel
201 3743 229 3803 ei
245 3741 423 3806 admistum
436 3753 559 3806 tantum
575 3763 677 3827 oque,
695 3752 730 3805 ut
746 3740 856 3805 vinum
866 3741 907 3805 sit
917 3763 1047 3829 corrup·

40 3843 111 3918 tum,
129 3857 197 3900 non
214 3837 380 3902 conficitur
396 3837 650 3901 Sacramentum.

77 3931 109 3994 i.
134 3931 169 3994 Si
186 3931 298 3994 vinum
314 3932 409 4016 coepit
431 3951 589 4009 acescere,
613 3933 664 3995 vel
689 3931 863 4017 eorrumpi,
881 3931 935 3996 vel
950 3931 1047 3998 fuerit

41 4023 235 4108 aliquantum
257 4047 342 4104 ecre,
367 4027 419 4090 vei
442 4036 581 4088 mustum
608 4023 649 4088 de
672 4027 743 4091 uvis
758 4036 834 4089 tunc
846 4045 1045 4110 expressum,

41 4118 88 4180 rel
103 4139 168 4182 non
186 4117 284 4184 tuerit
299 4120 440 4184 admixta
456 4140 549 4205 aqua,
564 4120 615 4186 vel
631 4120 727 4184 fucrit
742 4119 884 4184 admixta
899 4139 982 4205 aqua
997 4139 1046 4183 ro·
