<?xml version="1.0" encoding="UTF-8"?>
<!DOCTYPE html PUBLIC "-//W3C//DTD XHTML 1.0 Transitional//EN"
    "http://www.w3.org/TR/xhtml1/DTD/xhtml1-transitional.dtd">
<html xmlns="http://www.w3.org/1999/xhtml" xml:lang="en" lang="en">
 <head>
  <title>
</title>
<meta http-equiv="Content-Type" content="text/html;charset=utf-8" />
  <meta name='ocr-system' content='tesseract 3.04.00' />
  <meta name='ocr-capabilities' content='ocr_page ocr_carea ocr_par ocr_line ocrx_word'/>
</head>
<body>
  <div class='ocr_page' id='page_1' title='image "./quaestionesinru00churgoog_0271.png"; bbox 0 0 2806 4736; ppageno 0'>
   <div class='ocr_carea' id='block_1_1' title="bbox 324 202 935 264">
    <p class='ocr_par' dir='ltr' id='par_1_1' title="bbox 324 202 935 264">
     <span class='ocr_line' id='line_1_1' title="bbox 324 202 935 264; baseline -0.015 0"><span class='ocrx_word' id='word_1_1' title='bbox 324 202 367 264; x_wconf 80' lang='lat' dir='ltr'>oo</span> <span class='ocrx_word' id='word_1_2' title='bbox 742 215 935 264; x_wconf 73' lang='lat' dir='ltr'>ouusrrores</span> 
     </span>
    </p>
   </div>
   <div class='ocr_carea' id='block_1_2' title="bbox 281 310 1334 1908">
    <p class='ocr_par' dir='ltr' id='par_1_2' title="bbox 324 310 1330 1226">
     <span class='ocr_line' id='line_1_2' title="bbox 328 310 1321 402; baseline -0.018 -12"><span class='ocrx_word' id='word_1_3' title='bbox 328 327 369 390; x_wconf 90' lang='lat' dir='ltr'>Et</span> <span class='ocrx_word' id='word_1_4' title='bbox 384 325 416 388; x_wconf 94' lang='lat' dir='ltr'>in</span> <span class='ocrx_word' id='word_1_5' title='bbox 449 322 561 386; x_wconf 78' lang='lat' dir='ltr'>lesum</span> <span class='ocrx_word' id='word_1_6' title='bbox 587 315 747 381; x_wconf 80' lang='lat' dir='ltr'><strong>Christum</strong></span> <span class='ocrx_word' id='word_1_7' title='bbox 775 315 891 381; x_wconf 81' lang='lat' dir='ltr'>Filium</span> <span class='ocrx_word' id='word_1_8' title='bbox 914 315 983 402; x_wconf 85' lang='lat' dir='ltr'>ejus</span> <span class='ocrx_word' id='word_1_9' title='bbox 1012 315 1156 395; x_wconf 90' lang='lat' dir='ltr'>unicum,</span> <span class='ocrx_word' id='word_1_10' title='bbox 1173 310 1321 376; x_wconf 83' lang='lat' dir='ltr'>Dominum</span> 
     </span>
     <span class='ocr_line' id='line_1_3' title="bbox 326 408 1322 498; baseline -0.016 -17"><span class='ocrx_word' id='word_1_11' title='bbox 326 427 490 481; x_wconf 86' lang='lat' dir='ltr'>nostrum:</span> <span class='ocrx_word' id='word_1_12' title='bbox 508 412 564 498; x_wconf 91' lang='lat' dir='ltr'>qui</span> <span class='ocrx_word' id='word_1_13' title='bbox 580 419 754 494; x_wconf 84' lang='lat' dir='ltr'>conceptus</span> <span class='ocrx_word' id='word_1_14' title='bbox 783 420 829 474; x_wconf 87' lang='lat' dir='ltr'>est</span> <span class='ocrx_word' id='word_1_15' title='bbox 846 408 887 474; x_wconf 90' lang='lat' dir='ltr'>de</span> <span class='ocrx_word' id='word_1_16' title='bbox 902 409 1025 494; x_wconf 76' lang='lat' dir='ltr'>Spiritu</span> <span class='ocrx_word' id='word_1_17' title='bbox 1048 418 1171 492; x_wconf 86' lang='lat' dir='ltr'>sancto,</span> <span class='ocrx_word' id='word_1_18' title='bbox 1188 415 1271 470; x_wconf 87' lang='lat' dir='ltr'>natus</span> <span class='ocrx_word' id='word_1_19' title='bbox 1292 425 1322 466; x_wconf 84' lang='lat' dir='ltr'>er</span> 
     </span>
     <span class='ocr_line' id='line_1_4' title="bbox 328 499 1322 593; baseline -0.014 -19"><span class='ocrx_word' id='word_1_20' title='bbox 328 511 430 574; x_wconf 83' lang='lat' dir='ltr'><strong>Maria</strong></span> <span class='ocrx_word' id='word_1_21' title='bbox 457 506 612 593; x_wconf 79' lang='lat' dir='ltr'>Virgine,</span> <span class='ocrx_word' id='word_1_22' title='bbox 642 525 751 589; x_wconf 83' lang='lat' dir='ltr'>pessus</span> <span class='ocrx_word' id='word_1_23' title='bbox 778 505 839 568; x_wconf 86' lang='lat' dir='ltr'>sub</span> <span class='ocrx_word' id='word_1_24' title='bbox 861 505 976 569; x_wconf 89' lang='lat' dir='ltr'>Pontio</span> <span class='ocrx_word' id='word_1_25' title='bbox 1006 505 1133 584; x_wconf 82' lang='lat' dir='ltr'>Pilato,</span> <span class='ocrx_word' id='word_1_26' title='bbox 1163 499 1322 577; x_wconf 81' lang='lat' dir='ltr'>crucifixus,</span> 
     </span>
     <span class='ocr_line' id='line_1_5' title="bbox 327 589 1325 682; baseline -0.015 -16"><span class='ocrx_word' id='word_1_27' title='bbox 327 611 485 680; x_wconf 88' lang='lat' dir='ltr'>mortuus,</span> <span class='ocrx_word' id='word_1_28' title='bbox 502 607 535 661; x_wconf 92' lang='lat' dir='ltr'>et</span> <span class='ocrx_word' id='word_1_29' title='bbox 556 599 725 682; x_wconf 84' lang='lat' dir='ltr'>sepultus:</span> <span class='ocrx_word' id='word_1_30' title='bbox 751 595 920 661; x_wconf 88' lang='lat' dir='ltr'>descendit</span> <span class='ocrx_word' id='word_1_31' title='bbox 945 594 986 661; x_wconf 82' lang='lat' dir='ltr'>ed</span> <span class='ocrx_word' id='word_1_32' title='bbox 1003 598 1141 661; x_wconf 78' lang='lat' dir='ltr'>inferos:</span> <span class='ocrx_word' id='word_1_33' title='bbox 1174 593 1263 657; x_wconf 86' lang='lat' dir='ltr'>tertia</span> <span class='ocrx_word' id='word_1_34' title='bbox 1284 589 1325 652; x_wconf 87' lang='lat' dir='ltr'>die</span> 
     </span>
     <span class='ocr_line' id='line_1_6' title="bbox 329 684 1327 774; baseline -0.009 -15"><span class='ocrx_word' id='word_1_35' title='bbox 329 694 503 760; x_wconf 71' lang='lat' dir='ltr'><strong>resurrexit</strong></span> <span class='ocrx_word' id='word_1_36' title='bbox 523 714 539 755; x_wconf 84' lang='lat' dir='ltr'>e</span> <span class='ocrx_word' id='word_1_37' title='bbox 568 692 702 755; x_wconf 88' lang='lat' dir='ltr'>mortuis</span> <span class='ocrx_word' id='word_1_38' title='bbox 721 713 729 754; x_wconf 75' lang='grc' dir='ltr'><strong><em>ε</em></strong></span> <span class='ocrx_word' id='word_1_39' title='bbox 748 687 893 757; x_wconf 81' lang='lat' dir='ltr'>escondit</span> <span class='ocrx_word' id='word_1_40' title='bbox 922 691 964 757; x_wconf 84' lang='lat' dir='ltr'>nd</span> <span class='ocrx_word' id='word_1_41' title='bbox 984 695 1091 774; x_wconf 90' lang='lat' dir='ltr'>coelos,</span> <span class='ocrx_word' id='word_1_42' title='bbox 1108 689 1200 756; x_wconf 86' lang='lat' dir='ltr'>sedet</span> <span class='ocrx_word' id='word_1_43' title='bbox 1224 685 1262 752; x_wconf 86' lang='lat' dir='ltr'>ad</span> <span class='ocrx_word' id='word_1_44' title='bbox 1280 684 1327 750; x_wconf 85' lang='lat' dir='ltr'>(le-</span> 
     </span>
     <span class='ocr_line' id='line_1_7' title="bbox 328 784 1329 871; baseline -0.013 -18"><span class='ocrx_word' id='word_1_45' title='bbox 328 799 452 854; x_wconf 83' lang='lat' dir='ltr'>xtcram</span> <span class='ocrx_word' id='word_1_46' title='bbox 481 784 541 849; x_wconf 88' lang='lat' dir='ltr'>Dei</span> <span class='ocrx_word' id='word_1_47' title='bbox 577 785 680 848; x_wconf 79' lang='lat' dir='ltr'>Petris</span> <span class='ocrx_word' id='word_1_48' title='bbox 711 785 970 871; x_wconf 84' lang='lat' dir='ltr'>omnipotentis:</span> <span class='ocrx_word' id='word_1_49' title='bbox 1008 784 1083 849; x_wconf 87' lang='lat' dir='ltr'>inde</span> <span class='ocrx_word' id='word_1_50' title='bbox 1114 794 1264 850; x_wconf 87' lang='lat' dir='ltr'>venturus</span> <span class='ocrx_word' id='word_1_51' title='bbox 1291 789 1329 842; x_wconf 86' lang='lat' dir='ltr'>est</span> 
     </span>
     <span class='ocr_line' id='line_1_8' title="bbox 324 878 1328 969; baseline -0.009 -24"><span class='ocrx_word' id='word_1_52' title='bbox 324 880 474 969; x_wconf 83' lang='lat' dir='ltr'>judicare</span> <span class='ocrx_word' id='word_1_53' title='bbox 500 878 595 942; x_wconf 85' lang='lat' dir='ltr'>vivos</span> <span class='ocrx_word' id='word_1_54' title='bbox 607 887 639 941; x_wconf 87' lang='lat' dir='ltr'>et</span> <span class='ocrx_word' id='word_1_55' title='bbox 653 889 810 944; x_wconf 87' lang='lat' dir='ltr'>mortuos.</span> <span class='ocrx_word' id='word_1_56' title='bbox 830 878 934 944; x_wconf 86' lang='lat' dir='ltr'><strong>Credo</strong></span> <span class='ocrx_word' id='word_1_57' title='bbox 960 881 993 944; x_wconf 90' lang='lat' dir='ltr'>in</span> <span class='ocrx_word' id='word_1_58' title='bbox 1010 881 1166 965; x_wconf 87' lang='lat' dir='ltr'>Spiritum</span> <span class='ocrx_word' id='word_1_59' title='bbox 1189 885 1328 952; x_wconf 85' lang='lat' dir='ltr'>sanctum,</span> 
     </span>
     <span class='ocr_line' id='line_1_9' title="bbox 329 968 1330 1058; baseline -0.011 -19"><span class='ocrx_word' id='word_1_60' title='bbox 329 983 471 1058; x_wconf 67' lang='lat' dir='ltr'>sanctem</span> <span class='ocrx_word' id='word_1_61' title='bbox 497 970 670 1035; x_wconf 81' lang='lat' dir='ltr'>Ecclesiam</span> <span class='ocrx_word' id='word_1_62' title='bbox 698 972 903 1055; x_wconf 73' lang='lat' dir='ltr'>catholicam,</span> <span class='ocrx_word' id='word_1_63' title='bbox 935 974 1127 1038; x_wconf 87' lang='lat' dir='ltr'>Sanctorum</span> <span class='ocrx_word' id='word_1_64' title='bbox 1147 968 1330 1036; x_wconf 91' lang='lat' dir='ltr'>communio·</span> 
     </span>
     <span class='ocr_line' id='line_1_10' title="bbox 330 1064 1328 1150; baseline -0.007 -19"><span class='ocrx_word' id='word_1_65' title='bbox 330 1089 417 1146; x_wconf 89' lang='lat' dir='ltr'>nem,</span> <span class='ocrx_word' id='word_1_66' title='bbox 448 1064 667 1129; x_wconf 75' lang='lat' dir='ltr'>remissionem</span> <span class='ocrx_word' id='word_1_67' title='bbox 693 1075 911 1150; x_wconf 81' lang='lat' dir='ltr'>peccatorum,</span> <span class='ocrx_word' id='word_1_68' title='bbox 937 1070 1040 1132; x_wconf 85' lang='lat' dir='ltr'>cernis</span> <span class='ocrx_word' id='word_1_69' title='bbox 1067 1065 1328 1140; x_wconf 75' lang='lat' dir='ltr'>resurrectionem,</span> 
     </span>
     <span class='ocr_line' id='line_1_11' title="bbox 330 1159 747 1226; baseline -0.007 0"><span class='ocrx_word' id='word_1_70' title='bbox 330 1163 429 1226; x_wconf 84' lang='lat' dir='ltr'>vitem</span> <span class='ocrx_word' id='word_1_71' title='bbox 441 1169 605 1223; x_wconf 78' lang='lat' dir='ltr'>aeternum.</span> <span class='ocrx_word' id='word_1_72' title='bbox 630 1159 747 1223; x_wconf 84' lang='lat' dir='ltr'>Amen.</span> 
     </span>
    </p>

    <p class='ocr_par' dir='ltr' id='par_1_3' title="bbox 281 1253 1334 1908">
     <span class='ocr_line' id='line_1_12' title="bbox 375 1253 1332 1342; baseline -0.004 -24"><span class='ocrx_word' id='word_1_73' title='bbox 375 1253 536 1318; x_wconf 85' lang='lat' dir='ltr'>Confiteor</span> <span class='ocrx_word' id='word_1_74' title='bbox 550 1254 617 1315; x_wconf 88' lang='lat' dir='ltr'>Deo</span> <span class='ocrx_word' id='word_1_75' title='bbox 634 1255 860 1339; x_wconf 75' lang='lat' dir='ltr'>omnipotenti,</span> <span class='ocrx_word' id='word_1_76' title='bbox 885 1257 986 1321; x_wconf 81' lang='lat' dir='ltr'>beetae</span> <span class='ocrx_word' id='word_1_77' title='bbox 1014 1259 1123 1322; x_wconf 83' lang='lat' dir='ltr'>lllnrise</span> <span class='ocrx_word' id='word_1_78' title='bbox 1138 1277 1262 1342; x_wconf 87' lang='lat' dir='ltr'>semper</span> <span class='ocrx_word' id='word_1_79' title='bbox 1274 1253 1332 1319; x_wconf 81' lang='lat' dir='ltr'>Vir·</span> 
     </span>
     <span class='ocr_line' id='line_1_13' title="bbox 281 1347 1330 1436; baseline 0.001 -26"><span class='ocrx_word' id='word_1_80' title='bbox 281 1381 287 1395; x_wconf 62' lang='grc' dir='ltr'><em>ι</em></span> <span class='ocrx_word' id='word_1_81' title='bbox 333 1349 411 1436; x_wconf 85' lang='lat' dir='ltr'>gini,</span> <span class='ocrx_word' id='word_1_82' title='bbox 426 1347 521 1412; x_wconf 88' lang='lat' dir='ltr'>bento</span> <span class='ocrx_word' id='word_1_83' title='bbox 538 1347 686 1424; x_wconf 84' lang='lat' dir='ltr'>Michaeli</span> <span class='ocrx_word' id='word_1_84' title='bbox 700 1349 916 1436; x_wconf 82' lang='lat' dir='ltr'>Arclrnngelo,</span> <span class='ocrx_word' id='word_1_85' title='bbox 930 1351 1025 1416; x_wconf 83' lang='lat' dir='ltr'>beato</span> <span class='ocrx_word' id='word_1_86' title='bbox 1052 1353 1170 1416; x_wconf 79' lang='lat' dir='ltr'>loanni</span> <span class='ocrx_word' id='word_1_87' title='bbox 1183 1351 1330 1436; x_wconf 81' lang='lat' dir='ltr'>Baptiste,</span> 
     </span>
     <span class='ocr_line' id='line_1_14' title="bbox 333 1442 1333 1529; baseline -0.004 -22"><span class='ocrx_word' id='word_1_88' title='bbox 333 1443 449 1507; x_wconf 83' lang='lat' dir='ltr'>sanctis</span> <span class='ocrx_word' id='word_1_89' title='bbox 467 1442 626 1527; x_wconf 85' lang='lat' dir='ltr'>Apostolis</span> <span class='ocrx_word' id='word_1_90' title='bbox 649 1444 744 1508; x_wconf 87' lang='lat' dir='ltr'>Petro</span> <span class='ocrx_word' id='word_1_91' title='bbox 769 1454 802 1506; x_wconf 85' lang='lat' dir='ltr'>et</span> <span class='ocrx_word' id='word_1_92' title='bbox 831 1446 944 1529; x_wconf 82' lang='lat' dir='ltr'>Paulo,</span> <span class='ocrx_word' id='word_1_93' title='bbox 974 1447 1125 1511; x_wconf 89' lang='lat' dir='ltr'>omnibus</span> <span class='ocrx_word' id='word_1_94' title='bbox 1158 1445 1286 1524; x_wconf 86' lang='lat' dir='ltr'>Sanctis,</span> <span class='ocrx_word' id='word_1_95' title='bbox 1308 1450 1333 1503; x_wconf 90' lang='lat' dir='ltr'>et</span> 
     </span>
     <span class='ocr_line' id='line_1_15' title="bbox 334 1537 1331 1628; baseline -0.005 -26"><span class='ocrx_word' id='word_1_96' title='bbox 334 1537 439 1617; x_wconf 84' lang='lat' dir='ltr'>vobis,</span> <span class='ocrx_word' id='word_1_97' title='bbox 448 1537 563 1602; x_wconf 85' lang='lat' dir='ltr'>iratres</span> <span class='ocrx_word' id='word_1_98' title='bbox 574 1537 661 1624; x_wconf 88' lang='lat' dir='ltr'>(tibi,</span> <span class='ocrx_word' id='word_1_99' title='bbox 676 1541 792 1625; x_wconf 87' lang='lat' dir='ltr'>pater);</span> <span class='ocrx_word' id='word_1_100' title='bbox 804 1540 879 1625; x_wconf 86' lang='lat' dir='ltr'>quin</span> <span class='ocrx_word' id='word_1_101' title='bbox 890 1541 1022 1625; x_wconf 82' lang='lat' dir='ltr'>peccavi</span> <span class='ocrx_word' id='word_1_102' title='bbox 1035 1541 1130 1604; x_wconf 90' lang='lat' dir='ltr'>nimis</span> <span class='ocrx_word' id='word_1_103' title='bbox 1143 1539 1331 1628; x_wconf 85' lang='lat' dir='ltr'>cogitatione,</span> 
     </span>
     <span class='ocr_line' id='line_1_16' title="bbox 334 1632 1332 1721; baseline -0.006 -24"><span class='ocrx_word' id='word_1_104' title='bbox 334 1632 448 1715; x_wconf 85' lang='lat' dir='ltr'>verbo,</span> <span class='ocrx_word' id='word_1_105' title='bbox 466 1642 498 1696; x_wconf 90' lang='lat' dir='ltr'>et</span> <span class='ocrx_word' id='word_1_106' title='bbox 513 1653 610 1718; x_wconf 88' lang='lat' dir='ltr'><strong>opere</strong></span> <span class='ocrx_word' id='word_1_107' title='bbox 628 1655 637 1696; x_wconf 74' lang='grc' dir='ltr'><strong><em>ε</em></strong></span> <span class='ocrx_word' id='word_1_108' title='bbox 668 1655 740 1697; x_wconf 84' lang='lat' dir='ltr'>mea</span> <span class='ocrx_word' id='word_1_109' title='bbox 770 1635 876 1720; x_wconf 84' lang='lat' dir='ltr'>culpa,</span> <span class='ocrx_word' id='word_1_110' title='bbox 894 1656 966 1700; x_wconf 87' lang='lat' dir='ltr'>mea</span> <span class='ocrx_word' id='word_1_111' title='bbox 993 1637 1098 1721; x_wconf 82' lang='lat' dir='ltr'>culpe,</span> <span class='ocrx_word' id='word_1_112' title='bbox 1116 1657 1187 1700; x_wconf 85' lang='lat' dir='ltr'>mee</span> <span class='ocrx_word' id='word_1_113' title='bbox 1211 1632 1332 1698; x_wconf 82' lang='lat' dir='ltr'>maxima</span> 
     </span>
     <span class='ocr_line' id='line_1_17' title="bbox 335 1725 1331 1816; baseline -0.007 -23"><span class='ocrx_word' id='word_1_114' title='bbox 335 1729 443 1812; x_wconf 83' lang='lat' dir='ltr'>culpa.</span> <span class='ocrx_word' id='word_1_115' title='bbox 466 1725 544 1792; x_wconf 88' lang='lat' dir='ltr'><strong>Ideo</strong></span> <span class='ocrx_word' id='word_1_116' title='bbox 571 1749 686 1812; x_wconf 85' lang='lat' dir='ltr'><strong>precor</strong></span> <span class='ocrx_word' id='word_1_117' title='bbox 711 1729 841 1793; x_wconf 82' lang='lat' dir='ltr'>beatam</span> <span class='ocrx_word' id='word_1_118' title='bbox 868 1731 1000 1795; x_wconf 81' lang='lat' dir='ltr'>Mariam</span> <span class='ocrx_word' id='word_1_119' title='bbox 1023 1751 1152 1815; x_wconf 88' lang='lat' dir='ltr'>semper</span> <span class='ocrx_word' id='word_1_120' title='bbox 1166 1728 1331 1816; x_wconf 82' lang='lat' dir='ltr'>Virginem,</span> 
     </span>
     <span class='ocr_line' id='line_1_18' title="bbox 335 1819 1334 1908; baseline -0.004 -24"><span class='ocrx_word' id='word_1_121' title='bbox 335 1820 466 1884; x_wconf 79' lang='lat' dir='ltr'>beatum</span> <span class='ocrx_word' id='word_1_122' title='bbox 478 1820 666 1885; x_wconf 81' lang='lat' dir='ltr'>Michaelem</span> <span class='ocrx_word' id='word_1_123' title='bbox 680 1821 931 1908; x_wconf 82' lang='lat' dir='ltr'>Archangelum,</span> <span class='ocrx_word' id='word_1_124' title='bbox 940 1825 1072 1888; x_wconf 85' lang='lat' dir='ltr'>beatum</span> <span class='ocrx_word' id='word_1_125' title='bbox 1082 1825 1236 1887; x_wconf 82' lang='lat' dir='ltr'>loannem</span> <span class='ocrx_word' id='word_1_126' title='bbox 1242 1819 1334 1904; x_wconf 83' lang='lat' dir='ltr'>Bapti-</span> 
     </span>
    </p>
   </div>
   <div class='ocr_carea' id='block_1_3' title="bbox 337 1923 1334 2299">
    <p class='ocr_par' dir='ltr' id='par_1_4' title="bbox 337 1923 1332 2176">
     <span class='ocr_line' id='line_1_19' title="bbox 337 1923 1331 2008; baseline -0.005 -22"><span class='ocrx_word' id='word_1_127' title='bbox 337 1923 1331 2008; x_wconf 81' lang='lat' dir='ltr'>stem,sanctosApostolosPctrumetPeulum,omnesSsnctos,</span> 
     </span>
     <span class='ocr_line' id='line_1_20' title="bbox 338 2018 1332 2105; baseline -0.006 -25"><span class='ocrx_word' id='word_1_128' title='bbox 338 2028 370 2080; x_wconf 87' lang='lat' dir='ltr'>et</span> <span class='ocrx_word' id='word_1_129' title='bbox 379 2038 446 2096; x_wconf 87' lang='lat' dir='ltr'>vos,</span> <span class='ocrx_word' id='word_1_130' title='bbox 459 2019 636 2096; x_wconf 80' lang='lat' dir='ltr'>iratres(te‚</span> <span class='ocrx_word' id='word_1_131' title='bbox 650 2020 767 2103; x_wconf 87' lang='lat' dir='ltr'>pater),</span> <span class='ocrx_word' id='word_1_132' title='bbox 782 2039 873 2082; x_wconf 82' lang='lat' dir='ltr'><strong>orere</strong></span> <span class='ocrx_word' id='word_1_133' title='bbox 881 2042 939 2105; x_wconf 90' lang='lat' dir='ltr'><strong>pro</strong></span> <span class='ocrx_word' id='word_1_134' title='bbox 948 2043 999 2084; x_wconf 90' lang='lat' dir='ltr'>me</span> <span class='ocrx_word' id='word_1_135' title='bbox 1011 2018 1053 2084; x_wconf 85' lang='lat' dir='ltr'>sd</span> <span class='ocrx_word' id='word_1_136' title='bbox 1064 2019 1235 2084; x_wconf 91' lang='lat' dir='ltr'>Dominum</span> <span class='ocrx_word' id='word_1_137' title='bbox 1245 2018 1332 2079; x_wconf 88' lang='lat' dir='ltr'>Deum</span> 
     </span>
     <span class='ocr_line' id='line_1_21' title="bbox 338 2121 494 2176; baseline 0 0"><span class='ocrx_word' id='word_1_138' title='bbox 338 2121 494 2176; x_wconf 89' lang='lat' dir='ltr'>nostrum.</span> 
     </span>
    </p>

    <p class='ocr_par' dir='ltr' id='par_1_5' title="bbox 382 2201 1334 2299">
     <span class='ocr_line' id='line_1_22' title="bbox 382 2201 1334 2299; baseline -0.007 -31"><span class='ocrx_word' id='word_1_139' title='bbox 382 2205 571 2270; x_wconf 85' lang='lat' dir='ltr'>Misercetur</span> <span class='ocrx_word' id='word_1_140' title='bbox 589 2212 685 2274; x_wconf 85' lang='lat' dir='ltr'>vestri</span> <span class='ocrx_word' id='word_1_141' title='bbox 710 2213 785 2299; x_wconf 72' lang='lat' dir='ltr'>(tui)</span> <span class='ocrx_word' id='word_1_142' title='bbox 809 2211 1011 2296; x_wconf 86' lang='lat' dir='ltr'>omnipotens</span> <span class='ocrx_word' id='word_1_143' title='bbox 1037 2211 1135 2292; x_wconf 91' lang='lat' dir='ltr'>Deus,</span> <span class='ocrx_word' id='word_1_144' title='bbox 1160 2219 1191 2272; x_wconf 90' lang='lat' dir='ltr'>et</span> <span class='ocrx_word' id='word_1_145' title='bbox 1214 2201 1334 2270; x_wconf 78' lang='lat' dir='ltr'>dimissis</span> 
     </span>
    </p>
   </div>
   <div class='ocr_carea' id='block_1_4' title="bbox 339 2300 1332 2466">
    <p class='ocr_par' dir='ltr' id='par_1_6' title="bbox 339 2300 1332 2466">
     <span class='ocr_line' id='line_1_23' title="bbox 339 2300 1332 2466; baseline -0.011 -100"><span class='ocrx_word' id='word_1_146' title='bbox 339 2300 477 2466; x_wconf 44' lang='lat' dir='ltr'>§eciam</span> <span class='ocrx_word' id='word_1_147' title='bbox 488 2303 602 2367; x_wconf 83' lang='lat' dir='ltr'>vestris</span> <span class='ocrx_word' id='word_1_148' title='bbox 613 2303 879 2392; x_wconf 85' lang='lat' dir='ltr'>(tuis),perducet</span> <span class='ocrx_word' id='word_1_149' title='bbox 890 2326 947 2371; x_wconf 84' lang='lat' dir='ltr'>vos</span> <span class='ocrx_word' id='word_1_150' title='bbox 960 2303 1066 2390; x_wconf 82' lang='lat' dir='ltr'>(te)ad</span> <span class='ocrx_word' id='word_1_151' title='bbox 1077 2305 1174 2370; x_wconf 86' lang='lat' dir='ltr'>vitam</span> <span class='ocrx_word' id='word_1_152' title='bbox 1186 2311 1332 2366; x_wconf 82' lang='lat' dir='ltr'>aetemem.</span> 
     </span>
     <span class='ocr_line' id='line_1_24' title="bbox 371 2409 510 2452; baseline 0.022 -3"><span class='ocrx_word' id='word_1_153' title='bbox 371 2433 378 2449; x_wconf 93' lang='lat'><strong>.</strong></span> <span class='ocrx_word' id='word_1_154' title='bbox 426 2409 510 2452; x_wconf 89' lang='lat' dir='ltr'>men.</span> 
     </span>
    </p>
   </div>
   <div class='ocr_carea' id='block_1_5' title="bbox 340 2478 1336 2750">
    <p class='ocr_par' dir='ltr' id='par_1_7' title="bbox 340 2478 1336 2750">
     <span class='ocr_line' id='line_1_25' title="bbox 384 2478 1335 2567; baseline -0.002 -26"><span class='ocrx_word' id='word_1_155' title='bbox 384 2478 633 2566; x_wconf 81' lang='lat' dir='ltr'>Indulgentiom,</span> <span class='ocrx_word' id='word_1_156' title='bbox 651 2481 899 2567; x_wconf 82' lang='lat' dir='ltr'>absolutionem,</span> <span class='ocrx_word' id='word_1_157' title='bbox 918 2495 950 2549; x_wconf 90' lang='lat' dir='ltr'>ct</span> <span class='ocrx_word' id='word_1_158' title='bbox 972 2485 1191 2549; x_wconf 89' lang='lat' dir='ltr'>remissionem</span> <span class='ocrx_word' id='word_1_159' title='bbox 1204 2485 1335 2566; x_wconf 81' lang='lat' dir='ltr'>peccato·</span> 
     </span>
     <span class='ocr_line' id='line_1_26' title="bbox 340 2574 1336 2661; baseline -0.005 -27"><span class='ocrx_word' id='word_1_160' title='bbox 340 2592 412 2634; x_wconf 89' lang='lat' dir='ltr'>rum</span> <span class='ocrx_word' id='word_1_161' title='bbox 439 2584 620 2638; x_wconf 88' lang='lat' dir='ltr'>vestrorum</span> <span class='ocrx_word' id='word_1_162' title='bbox 635 2574 792 2661; x_wconf 91' lang='lat' dir='ltr'>(tuorum)</span> <span class='ocrx_word' id='word_1_163' title='bbox 809 2577 930 2643; x_wconf 82' lang='lat' dir='ltr'>tribuet</span> <span class='ocrx_word' id='word_1_164' title='bbox 945 2578 1036 2643; x_wconf 89' lang='lat' dir='ltr'>vobis</span> <span class='ocrx_word' id='word_1_165' title='bbox 1053 2578 1133 2657; x_wconf 74' lang='lat' dir='ltr'>(tibi)</span> <span class='ocrx_word' id='word_1_166' title='bbox 1153 2575 1336 2660; x_wconf 83' lang='lat' dir='ltr'>omnipotens</span> 
     </span>
     <span class='ocr_line' id='line_1_27' title="bbox 343 2669 939 2750; baseline 0.013 -22"><span class='ocrx_word' id='word_1_167' title='bbox 343 2675 375 2728; x_wconf 88' lang='lat' dir='ltr'>et</span> <span class='ocrx_word' id='word_1_168' title='bbox 390 2669 569 2732; x_wconf 87' lang='lat' dir='ltr'>misericors</span> <span class='ocrx_word' id='word_1_169' title='bbox 583 2671 749 2736; x_wconf 85' lang='lat' dir='ltr'>Dominus.</span> <span class='ocrx_word' id='word_1_170' title='bbox 767 2679 805 2750; x_wconf 75' lang='lat' dir='ltr'>nl.</span> <span class='ocrx_word' id='word_1_171' title='bbox 824 2671 939 2738; x_wconf 82' lang='lat' dir='ltr'>Amen.</span> 
     </span>
    </p>
   </div>
   <div class='ocr_carea' id='block_1_6' title="bbox 0 0 1439 4736">
    <p class='ocr_par' dir='ltr' id='par_1_8' title="bbox 0 0 1439 4736">
     <span class='ocr_line' id='line_1_28' title="bbox 0 0 1439 4736; baseline 0 0"><span class='ocrx_word' id='word_1_172' title='bbox 0 0 1439 4736; x_wconf 95' lang='lat' dir='ltr'> </span> 
     </span>
    </p>
   </div>
  </div>
 </body>
</html>
