2794 4728
253 196 315 260 148
692 208 834 254 annalem

253 321 390 406 acolythi
410 329 553 384 tenentes
567 313 776 394 candelabra,
794 312 849 398 qni
867 322 942 376 tunc
955 333 1019 376 noir
1036 313 1260 400 genuflectunt.

251 416 379 479 Etcum
401 412 554 478 diaconus
577 420 684 477 cantat
706 409 760 473 illa
784 406 882 471 verba
896 406 937 470 ad
954 417 1088 495 quaeest
1104 407 1263 492 genuflec-

253 506 399 589 tendum,
415 510 480 593 ipse
495 529 607 573 versus
622 505 753 584 librum,
766 500 943 585 celebrans,
962 513 993 567 ct
1010 523 1121 568 omnes
1132 501 1184 564 alii
1198 523 1262 566 rer·

256 622 310 667 sus
325 604 425 666 altare
440 603 672 689 genuflectunt.

299 696 331 760 li.
355 697 392 760 ln
407 697 506 760 choro
521 693 748 783 genuflectitur
760 690 801 755 ab
823 692 862 754 iis
885 690 939 777 qui
956 711 1021 754 non
1040 701 1116 756 sunt
1129 687 1261 770 Praelati,

255 787 296 853 ad
308 789 546 855 Confessionem
558 811 631 855 cum
647 807 704 852 suo
721 787 861 850 Psalmo.
874 786 910 847 ln
928 785 1029 847 Missis
1041 795 1149 850 autem
1161 785 1262 851 Feria-

256 905 328 948 rum
344 880 522 963 Adventus,
542 881 814 968 Quadragcsimae,
839 879 984 960 Quatnor
1005 880 1211 964 Tempornm,
1235 889 1267 943 et

256 979 445 1064 Vigiliarum
459 1000 530 1064 quae
537 978 739 1064 jejunantur,
750 995 787 1039 ac
796 974 829 1036 in
841 973 942 1036 Missis
951 973 1196 1056 Defunctorum,
1211 997 1267 1059 ge·

258 1073 437 1138 nullectunt
452 1094 562 1136 omnes
578 1073 674 1136 etiam
698 1067 738 1133 ad
754 1068 934 1144 Orationes,
951 1078 983 1131 et
998 1065 1083 1143 dicto
1100 1091 1159 1155 per
1181 1072 1268 1134 eele-

255 1165 415 1245 brantem,
432 1168 563 1231 Sanetus
576 1187 677 1252 usque
703 1163 744 1227 ad
759 1165 834 1227 Pax
844 1164 983 1242 Domini,
1001 1173 1033 1226 et
1047 1161 1088 1226 ad
1103 1163 1271 1230 Orationes
1373 1233 1374 1236 ,

255 1273 324 1344 past
342 1259 605 1338 Communionem,
631 1271 663 1324 et
685 1259 786 1343 Super
806 1256 970 1342 populum,
995 1267 1127 1342 excepta
1150 1258 1274 1342 Vigilia

224 1381 228 1390 ⁴
257 1357 385 1421 Pasohae
401 1366 432 1420 et
447 1357 662 1437 Pentecosten,
678 1375 715 1418 ac
729 1352 909 1418 Natiuitatis
924 1351 1062 1431 Domini,
1081 1362 1112 1416 at
1123 1353 1273 1433 Quatuor

257 1449 467 1534 Temporibus
483 1452 699 1514 Pentecostes.
717 1450 755 1511 Et
777 1445 923 1510 similiter
946 1445 987 1510 ab
1002 1444 1151 1510 omnibus
1166 1468 1274 1534 genu·

259 1545 399 1608 flectitur
414 1543 544 1630 quando
560 1547 705 1608 elevatur
718 1545 973 1607 Sacramentum.

303 1639 336 1702 6.
360 1641 396 1702 In
414 1639 508 1702 lllissa
519 1639 594 1703 item
607 1638 741 1702 solemni
754 1637 919 1701 celebrans
930 1633 1055 1700 modius
1069 1638 1152 1701 inter
1163 1634 1274 1700 diaeo·

260 1755 337 1798 num
353 1744 384 1797 et
394 1733 626 1798 subdiaconum
637 1732 749 1797 sedere
764 1741 866 1816 potest
877 1753 895 1794 a
906 1751 1004 1794 cornu
1017 1733 1164 1818 Epistolae
1174 1731 1275 1818 juxta

260 1831 370 1909 altare,
396 1849 468 1892 eum
485 1838 631 1892 cantatur
646 1829 741 1913 Kyrie
757 1826 879 1908 eleison,
897 1824 1005 1890 Gloria
1022 1829 1055 1890 in
1078 1827 1214 1908 excelsis,
1239 1837 1278 1891 et

261 1921 380 1986 Credo:
403 1924 465 1986 alio
489 1932 632 2006 tempore
655 1930 717 1984 stat
739 1919 780 1984 ad
803 1922 914 1997 altare,
933 1919 985 1984 vel
1008 1921 1205 2007 genuflectit,
1235 1929 1275 1984 ut

262 2036 370 2100 supra.
688 2031 691 2038 ’
1015 2094 1018 2098 .

304 2110 338 2171 7.
362 2110 399 2171 In
411 2108 581 2172 choronon
595 2106 772 2194 sedentqui
783 2117 857 2172 actu
872 2118 1016 2190 cantant;
1035 2108 1150 2194 reliqui
1161 2119 1273 2174 autem

262 2210 395 2288 possunt
410 2200 523 2266 sedere
538 2203 667 2289 quando
678 2203 843 2267 celebrans
858 2200 959 2280 sedet,
977 2213 1009 2267 et
1025 2203 1275 2287 preterendum

263 2305 432 2360 cantantur
446 2296 597 2380 Epistola,
616 2305 648 2359 et
664 2297 852 2380 Prophetioe‚
870 2295 1038 2377 Craticula,
1061 2300 1200 2379 Tractus,
1219 2299 1276 2362 vel
1395 2293 1396 2298 ’

261 2390 402 2475 Alleluje
412 2413 485 2455 cum
504 2392 538 2455 V
536 2414 617 2473 ersa,
634 2413 671 2456 ac
681 2393 862 2478 Sequentia:
877 2401 909 2455 ct
924 2390 965 2455 ab
978 2390 1154 2478 Offerterio,
1168 2412 1276 2480 usque

263 2483 302 2549 ad
318 2487 566 2550 incensationem
588 2487 689 2568 clron‘,
715 2487 787 2550 etsi
804 2507 867 2550 non
884 2486 1078 2567 incensatur,
1096 2507 1197 2571 usque
1231 2485 1278 2550 ad

262 2580 495 2666 Praefationem,
515 2591 546 2644 et
561 2579 600 2644 ad
618 2580 842 2664 Antiphonem,
857 2601 928 2666 quaa
941 2577 1058 2645 dicitur
1075 2580 1275 2646 Communio.

262 2673 312 2738 Ad
328 2675 389 2739 alia
401 2684 496 2755 stant,
513 2676 565 2739 vel
581 2675 812 2760 genuflectunt,
826 2685 861 2738 ut
876 2695 984 2761 supra.

382 2961 534 3040 XVIII.
557 2965 609 3038 De
626 2962 810 3039 coloribus
833 2961 1165 3040 Parenteatornm.v

310 3229 340 3290 l.
366 3229 554 3292 Paramenta
570 3226 688 3309 altaris,
699 3205 903 3310 celebrantis,
923 3240 954 3293 et
970 3229 1200 3308 ministrorum,
1217 3232 1281 3296 de-

265 3323 342 3386 bcnt
357 3342 425 3392 csse
441 3322 555 3385 eoloris
571 3323 790 3388 convenientis
812 3323 936 3405 Officio,
961 3335 992 3388 et
1014 3325 1115 3388 Missae
1131 3325 1208 3408 dici,
1225 3349 1280 3392 se-

264 3414 405 3480 cundum
422 3437 514 3480 usum
530 3419 682 3482 Romanae
697 3417 856 3499 Ecclesiae,
873 3440 944 3506 quoe
956 3419 1098 3506 quinque
1113 3421 1280 3487 coloribus

265 3512 310 3574 uti
328 3511 513 3576 consuevit:
531 3512 626 3589 Albo,
645 3511 773 3596 Rubco,
791 3511 908 3591 viridi,
934 3515 1098 3596 Violaceo,
1113 3525 1145 3578 et
1159 3516 1276 3602 Nigro.

308 3609 340 3670 2.
365 3606 449 3671 Albo
475 3608 582 3670 colore
609 3608 710 3672 utitur
735 3630 752 3671 a
778 3608 929 3694 Vesperis
954 3608 1079 3694 Vigiliae
1095 3609 1279 3676 Natiuitatis

266 3701 392 3764 Domini
409 3722 510 3788 usque
526 3698 566 3764 ad
580 3701 733 3767 Octavam
748 3695 935 3789 Epiphaniae
947 3703 1114 3784 inclusive,
1133 3708 1280 3790 exceptis

264 3796 364 3858 Festis
380 3797 565 3881 Martyrum,
592 3819 663 3882 quac
685 3799 767 3862 inira
793 3819 864 3862 eam
884 3799 1029 3864 veniunt.
1046 3799 1082 3862 In
1105 3801 1196 3865 Festo
1212 3801 1278 3868 SS.

266 3889 408 3952 Nominis
423 3891 509 3954 Jesu.
527 3891 619 3955 Faria
641 3893 752 3978 quinta
771 3894 801 3956 in
820 3892 915 3957 Coena
930 3893 1070 3976 Domini,
1088 3903 1119 3958 et
1132 3894 1281 3962 Sabbata

266 3991 374 4045 sancto
390 3983 421 4045 in
434 3983 545 4048 Ollicio
561 3985 673 4067 Missa,
692 3995 723 4051 et
738 3985 844 4050 abillo
858 3985 909 4050 die
927 3984 1082 4072 usquead
1097 3988 1281 4056 Sabbatum

266 4078 297 4147 in
315 4077 432 4176 Vigilia
447 4081 649 4157 Pentecostrs
666 4079 706 4154 ad
723 4083 857 4165 Nonam,
873 4083 904 4146 in
921 4082 1032 4147 Officio
1048 4080 1089 4146 de
1103 4085 1280 4169 Tempore,
