2806 4736
332 207 372 270 82
735 231 929 279 ‹sunsrronus

215 273 289 490 Χ
374 330 493 412 Quaest.
512 329 590 395 tto.
611 331 665 394 An
681 334 714 395 in
727 332 775 395 die
792 331 903 397 Obitus
925 353 979 396 sca
1002 332 1214 415 Depositionis
1239 332 1318 416 plnres

330 429 433 490 Missis
443 424 479 488 dc
493 425 653 510 Requiem
669 426 816 491 celebrari
827 437 960 511 possunt
975 425 995 488 P

373 523 415 586 R.
431 521 476 582 1⁰.
500 520 613 584 Plures
630 519 731 584 Missae
743 520 784 583 de
801 523 956 607 Requiem,
971 521 1038 584 sive
1051 519 1142 582 lectae
1170 519 1237 584 sive
1262 541 1316 583 ceu-

330 625 402 681 tate
418 613 574 678 celebrari
590 626 733 700 possunt,
751 613 882 702 quando
897 623 1071 679 occurrunt
1095 611 1165 676 dies
1179 615 1316 701 inquibus

331 711 431 774 Missos
446 709 578 793 privatae
603 707 644 772 do
667 712 812 797 chnicm
834 711 1076 797 permittuntur.
1106 709 1318 772 Permittoutur

329 817 435 870 autem
453 803 567 869 iisderu
591 803 705 869 diebus
727 805 845 893 quibus
861 806 985 874 Votivee
1000 805 1147 891 privatae,
1165 813 1201 868 ut
1216 803 1319 868 dicetur

330 900 425 963 inira.

374 995 420 1056 2⁰.
439 990 533 1078 Quod
550 991 574 1056 si
598 1005 768 1059 occurrant
783 996 853 1059 dies
866 995 947 1059 ritus
963 995 1106 1080 Duplicis
1130 1003 1185 1056 eut
1201 993 1320 1079 ecquin-

329 1087 436 1168 lentis,
449 1087 544 1151 unica
556 1096 679 1152 tautum
696 1090 789 1155 Missa
807 1091 1004 1176 permittitur
1020 1101 1051 1153 et
1066 1087 1200 1176 quidem
1228 1091 1320 1151 solen·

329 1183 379 1246 uis
404 1192 460 1245 aut
485 1192 623 1260 cantata,
650 1206 746 1270 quarn
769 1185 946 1250 Rubricem
974 1181 1167 1249 servandam
1190 1180 1322 1245 mandunt

330 1278 454 1340 Stetuta
477 1275 667 1361 dioecesana,
685 1300 718 1342 n.
737 1280 812 1361 555,
831 1302 1022 1366 quacumque
1042 1281 1200 1342 contrario
1216 1298 1321 1341 consuc-

331 1371 438 1434 tnclinc
460 1394 522 1436 non
544 1373 693 1437 obstante.

372 1470 464 1534 llota.
480 1471 517 1532 In
531 1472 683 1558 Exequiis
704 1483 809 1536 temen
832 1495 1024 1560 pauperum,
1049 1474 1104 1559 qui
1126 1472 1250 1535 solvere
1274 1490 1323 1532 uon

329 1565 439 1628 velent
455 1587 611 1650 expensas
629 1569 729 1632 Missae
746 1579 892 1647 cantetae,
915 1579 1020 1655 potest
1036 1569 1068 1631 in
1085 1566 1215 1631 dioecesi
1230 1565 1322 1629 Mech-

329 1657 478 1736 liuieusi,
502 1659 595 1744 juxta
635 1683 826 1747 responsum
858 1664 891 1725 S.
918 1664 960 1727 R.
988 1661 1024 1725 C.
1052 1662 1094 1724 2⁴2
1131 1660 1207 1724 Maii
1243 1659 1323 1738 1811,

331 1754 489 1817 celebrari
507 1756 600 1818 Missa
618 1759 698 1820 lecte
715 1754 755 1820 de
772 1760 929 1843 Requirent,
944 1755 1001 1820 sed
1019 1757 1056 1820 iis
1072 1764 1197 1820 tantum
1214 1752 1323 1832 diebus,

330 1848 502 1933 inquibus
532 1852 764 1934 permittuntur
777 1853 1019 1917 Anniversaria.

371 1943 490 2023 Quaest.
509 1947 584 2010 149.
609 1947 645 2010 Si
659 1951 752 2011 cirtica
771 1961 892 2012 tuntum
916 1949 1110 2034 permittitur
1138 1946 1234 2008 Misso
1258 1943 1326 2005 Eec-

269 2029 274 2036 ’
328 2037 491 2120 qnialisin
512 2041 649 2124 Duplici,
669 2054 891 2127 nonpoternnt
911 2065 982 2128 crya
1009 2042 1284 2129 confraternitates,
1302 2038 1327 2098 in

332 2129 427 2194 Obitu
443 2133 578 2221 alicujus
594 2159 630 2199 ccc
644 2138 866 2224 confratribus,
884 2140 1033 2203 celebrare
1050 2160 1082 2202 co
1102 2137 1151 2200 clie
1166 2136 1286 2198 Missam
1300 2130 1328 2193 dc
1379 2127 1380 2144 ¹

329 2225 518 2310 Requiem?
891 2301 894 2308 ,

372 2321 414 2384 R.
433 2323 516 2387 Licet
530 2331 622 2392 nnica
646 2340 765 2392 tontnrn
788 2329 885 2390 Misso
908 2325 944 2388 dc
965 2327 1139 2413 Requiem,
1171 2324 1328 2410 inquitDc
1381 2365 1382 2426 1

329 2413 444 2499 Herus,
462 2425 583 2485 cantori
593 2427 693 2506 possit
705 2445 798 2486 consa
809 2425 1021 2508 Eneqniarnm
1033 2445 1087 2486 sen
1105 2420 1210 2508 Officii
1218 2421 1329 2504 funcra·
1381 2457 1382 2486 r

329 2506 367 2571 lis
389 2522 444 2572 ont
459 2515 626 2596 scpnltnrce
641 2518 800 2603 Desnncti,
818 2520 881 2581 siue
901 2519 1054 2581 incudem
1080 2520 1145 2581 sinc
1174 2519 1208 2580 in
1224 2515 1330 2576 cliucrsa

329 2603 487 2685 Ecclesia,·
511 2634 547 2674 ex
558 2613 619 2676 ulio
632 2625 732 2676 tomen
749 2613 851 2690 titulo,
866 2611 980 2677 scilicet
996 2613 1273 2698 confraternitatis,
1287 2628 1330 2671 so·

329 2698 459 2778 cietatis,
477 2705 649 2790 reliyionis,
675 2706 888 2793 benefactoris,
906 2707 970 2771 alia
987 2712 1086 2772 Missa
1100 2705 1278 2794 Exequiolis
1301 2701 1330 2762 dt

330 2790 490 2876 Requiern
504 2804 624 2864 contari
634 2813 734 2885 potest
746 2804 777 2864 in
794 2801 847 2864 die
861 2801 977 2866 Obitus
993 2825 1049 2866 seu
1060 2800 1275 2887 Depositionis
1287 2795 1332 2861 sel

331 2904 392 2945 non
405 2900 521 2973 postea,
540 2916 665 2978 corpore
680 2917 742 2973 non
754 2908 904 2979 prasente
919 2909 973 2960 arct
995 2898 1072 2961 olibi
1085 2895 1268 2982 sepeliendo,
1284 2895 1331 2956 iis-

330 2977 399 3042 (lent
422 2984 527 3049 dicbus
539 2990 649 3074 qrribns
663 2994 888 3075 permittuntur
900 2991 1143 3056 Annicersoria.

374 3074 465 3140 llota.
475 3079 521 3143 Ex
533 3081 657 3148 indulto
667 3086 704 3148 11
716 3085 734 3148 J
737 3085 793 3148 ulii
806 3087 902 3168 1872,
913 3084 1042 3151 dioecesi
1054 3097 1169 3151 nostrae
1181 3104 1329 3160 concesso,

334 3169 365 3230 in
391 3171 539 3240 Ecclesiis
563 3181 801 3264 parochialibus
828 3181 963 3267 aliisque
990 3203 1061 3268 quoe
1073 3182 1149 3269 jure
1166 3175 1330 3266 sepeliendi

331 3263 442 3329 fideles
456 3271 553 3335 laicos
568 3273 723 3360 gaudent,
733 3274 808 3337 licet
823 3274 925 3338 tribus
943 3275 976 3338 in
993 3271 1331 3340 Hebdomadavicibus

331 3367 604 3433 centerokllissam
619 3368 659 3432 ‹te
675 3371 831 3454 Reqnicrn‚
850 3371 907 3432 etsi
930 3370 1010 3433 ritus
1026 3372 1154 3455 Duplex
1184 3372 1331 3440 occurret,

332 3457 473 3541 exceptis
496 3463 687 3548 Dupliribus
712 3465 728 3527 1
748 3475 780 3526 et
806 3464 899 3545 tet,
916 3465 1018 3528 Festis
1048 3463 1088 3527 de
1103 3473 1261 3549 praecepto
1275 3479 1333 3524 scr-

332 3549 456 3630 vaudis‚
473 3555 584 3638 Feriis
602 3557 729 3645 Vigiliis
752 3558 945 3645 Octavisque
963 3560 1186 3646 privilegiatis.

376 3645 494 3725 Queest.
513 3653 586 3714 150.
612 3653 690 3732 Quae
709 3675 745 3716 ccc
767 3665 903 3738 quatuor
923 3655 1028 3719 Missis
1055 3654 1091 3717 dc
1113 3652 1272 3738 Requiem
1295 3655 1335 3709 cst

331 3741 481 3803 sumenda
491 3766 550 3827 pro
562 3749 752 3834 Encqttiuli?

376 3833 418 3896 R.
443 3836 587 3903 Sumitur
614 3843 707 3905 Missa
730 3841 884 3924 secunda,
904 3865 975 3929 quae
1006 3843 1216 3908 inscribitur:
1233 3841 1270 3901 In
1291 3834 1335 3896 dit

336 3924 447 3991 Obitus
466 3951 519 3994 sen
541 3937 752 4019 Depositionis
768 3939 926 4025 Defuncti.

376 4022 412 4084 lu
426 4024 576 4112 Exequiis
593 4040 700 4093 temen
716 4033 839 4100 Srunmi
868 4031 1044 4106 Pontibus,
1068 4030 1283 4097 Cardiuelium
1307 4034 1333 4089 ct

333 4117 562 4204 Episcoporum
578 4122 696 4188 dicitur
708 4125 801 4190 Missa
817 4127 933 4211 prima,
947 4149 1021 4191 cum
1033 4127 1188 4192 Oratione
1205 4121 1331 4212 proprie,
