2764 4742
331 195 372 258 12
792 215 898 259 nusum

329 322 426 385 etiam
439 317 709 404 prohibitionibus
723 327 756 381 et
767 318 870 402 poeuis
895 322 1126 404 comprehendi
1154 322 1336 388 intendimus
1364 347 1365 370 i

329 425 361 478 et
376 417 573 479 volumusea
589 413 709 492 omnia,
736 433 807 498 quse
832 433 850 474 a
878 414 1046 479 Breviario
1070 418 1218 482 Romano
1245 427 1336 480 ortum

329 509 461 591 babent,
479 511 545 574 sive
565 531 605 574 er
634 519 737 592 parte,
766 507 887 570 sivein
918 519 1041 593 totum;
1067 511 1251 597 cujusmodi
1277 521 1337 574 sunt

330 603 480 682 blissalia,
499 601 676 680 Diurnalia,
693 600 804 664 Officia
827 622 927 686 parva
943 603 1051 668 Beatso
1067 605 1222 691 Virginis,
1241 605 1337 669 Officia

330 697 461 784 majoris
475 693 707 773 Hebdomada,
726 706 757 759 et
771 692 804 757 id
830 716 931 782 genus
946 697 1020 778 alia,
1038 720 1109 784 quae
1124 698 1277 783 deinceps
1288 719 1337 761 uon

330 793 566 877 imprimantur,
581 792 641 855 uisi
658 790 778 875 previa
790 790 930 872 illorum,
948 801 979 854 et
1004 791 1178 878 cujuslibet
1207 794 1336 878 ipsorum

330 887 363 949 in
379 885 462 950 dieta
477 885 699 973 Typograpbia
722 892 780 970 p'er
803 883 954 949 eumdem
980 886 1146 951 Andream
1169 888 1337 972 impressio·
1365 945 1366 962 ἶ

329 1003 417 1059 nem,
434 992 469 1045 ut
483 982 613 1045 omnino
629 1002 701 1046 cum
716 980 892 1045 Breviario.
903 979 943 1044 de
959 979 1111 1046 mandato
1137 993 1247 1048 nostro
1263 981 1336 1045 edito

329 1075 535 1142 concordent.
568 1075 771 1164 lnjungimus
803 1086 910 1141 autem
931 1075 1056 1142 Nuntiis
1078 1079 1195 1142 nostris
1228 1079 1336 1162 ubique

329 1174 472 1236 locorum
487 1170 690 1258 degentibus,
707 1181 743 1234 ut
754 1171 832 1234 huic
843 1172 971 1255 negotio
984 1169 1156 1258 diligenter
1167 1174 1335 1260 invigilent,

329 1279 507 1353 cunctaque
523 1266 563 1332 ad
580 1266 802 1350 praescriptum
818 1265 916 1350 hujus
932 1268 1105 1330 voluntatis
1128 1278 1244 1332 nostrae
1272 1287 1337 1331 con-

329 1363 380 1426 fici
397 1371 521 1426 curent.
549 1363 704 1425 Nolumus
726 1371 833 1426 tamen
849 1360 898 1423 bis
919 1362 1227 1444 litterisssreviaria,
1241 1373 1273 1426 et
1286 1361 1338 1424 alia

329 1455 493 1542 praedicla,
516 1476 587 1540 quae
604 1455 757 1540 impressa
787 1464 861 1519 suut
890 1455 1057 1536 hacteuus,
1083 1456 1262 1540 prohiberi,
1291 1453 1337 1520 sed
1366 1517 1367 1544 ,

331 1549 532 1615 indemnitati
562 1551 706 1613 omnium
733 1550 947 1630 consulentes,
986 1561 1051 1614 tam
1077 1552 1295 1637 'lypographis
1313 1559 1338 1612 et

331 1645 519 1731 Bibliopolis
546 1642 700 1724 vendere,
728 1666 824 1731 (luam
854 1645 1015 1724 Ecclesiis,
1040 1645 1182 1726 Clerieis,
1215 1647 1337 1732 aliisque

331 1742 482 1820 retinere,
498 1748 593 1824 atque
611 1739 647 1800 iis
663 1740 709 1802 uti
725 1738 908 1823 Apostoliea
922 1738 1122 1826 benignitate
1137 1741 1337 1826 permittimus

332 1848 364 1901 et
379 1834 595 1920 indulgemus.
613 1835 682 1896 Non
699 1834 901 1898 obstantibus
925 1835 1073 1911 licentiis,
1092 1834 1224 1900 indultis
1237 1845 1268 1900 et
1281 1835 1337 1920 pri·

331 1931 458 2016 vilegiis
481 1927 647 1992 Breviaria
671 1923 878 2014 imprimendi
903 1929 1161 2016 quibuscumque
1188 1931 1337 2016 Typogra·

332 2025 404 2110 pbis
428 2044 487 2107 per
511 2023 586 2098 Nos,
613 2043 670 2086 seu
700 2026 865 2088 Romanos
901 2023 1071 2088 Pontifices
1100 2023 1337 2109 praedecessores

332 2127 456 2181 nostros
478 2116 643 2200 bucusque
659 2115 828 2196 concessis,
852 2137 924 2202 quas
939 2137 998 2200 per
1012 2107 1185 2201 p‘raesentes
1201 2137 1336 2203 expresse

332 2231 531 2290 revocamus,
559 2220 591 2272 et
618 2222 768 2276 revocata
790 2231 858 2274 esse
882 2211 1052 2292 volumus;
1077 2233 1203 2304 neopon
1230 2211 1337 2275 consti·
1367 2219 1368 2226 ’

332 2303 532 2386 tutionibus,
573 2314 605 2367 et
640 2305 833 2391 specialibus
870 2306 902 2368 in
933 2305 1130 2372 contrarium
1167 2306 1336 2391 praemisso·

332 2421 403 2463 rum
424 2398 726 2486 quomodocumque
753 2397 859 2478 editis,
886 2398 1081 2463 confirmatis
1098 2410 1130 2464 et
1149 2399 1335 2486 approbatis.

332 2489 457 2572 Quibus
469 2492 628 2570 omuibus,
643 2493 765 2556 etiamsi
791 2491 832 2555 de
863 2493 936 2574 illis,
967 2503 1142 2580 eorumque
1172 2494 1245 2557 totis
1262 2503 1337 2556 teno-

331 2586 420 2649 ribus
449 2587 605 2670 specialis,
634 2588 779 2672 specifica
810 2599 841 2652 et
877 2607 1026 2672 expressa
1052 2589 1174 2650 mentio
1198 2583 1336 2650 habenda

332 2690 436 2756 osset,
468 2690 595 2744 tenores
627 2679 813 2766 hujusmodi
838 2681 1054 2766 'praesentibus
1091 2704 1150 2767 pro
1192 2680 1337 2766 expressis
1368 2709 1369 2742 t

333 2778 488 2842 habentes
519 2775 579 2840 hac
605 2776 675 2840 viee
714 2775 880 2839 dumtaxat
916 2775 1108 2859 specialiter,
1141 2785 1174 2839 et
1200 2793 1336 2859 expresse

333 2872 536 2958 derogamus,
562 2871 739 2955 ceterisque
765 2871 931 2934 contrariis
947 2871 1219 2956 quibuscumque.
1245 2869 1337 2935 Volu-

334 2989 405 3031 mus
429 2977 547 3044 autem,
570 2975 606 3028 ut
619 2966 824 3050 praesentium
838 2967 1017 3030 litterarum
1041 2977 1221 3030 nostrarum
1238 2985 1337 3028 exem·

333 3062 488 3146 pleribus,
502 3061 597 3124 etiam
615 3061 646 3123 in
663 3060 737 3144 ipsis
768 3061 937 3124 Beeviariis
963 3061 1136 3146 impressis,
1170 3062 1221 3126 vel
1251 3078 1338 3121 manu

336 3155 471 3240 alicujus
501 3155 621 3219 Notarii
651 3155 773 3241 publici
803 3156 989 3241 subscriptis
1026 3167 1059 3220 et
1082 3157 1186 3242 sigillo
1212 3151 1337 3237 alicujus

336 3271 479 3334 personas
510 3249 541 3311 in
565 3247 720 3335 dignitate
744 3250 964 3313 Ecclesiastico
990 3251 1169 3314 eonstitutae
1191 3247 1336 3322 munitis,

338 3343 451 3408 eadem
468 3365 596 3433 prorsus
622 3343 701 3408 fides
727 3344 929 3421 adhibeatur,
947 3367 1017 3429 quae
1040 3347 1115 3429 ipsis
1139 3340 1338 3429 praesentibus

337 3439 557 3519 adhiberetur,
582 3441 607 3504 si
632 3452 736 3505 esseut
752 3441 902 3505 exhibitae
917 3442 969 3504 vel
982 3451 1125 3504 ostensae.

381 3536 498 3600 Datum
510 3536 622 3600 Romae
644 3534 729 3619 aliud
745 3537 778 3599 S.
800 3536 931 3598 Petrum
948 3535 1008 3600 sub
1024 3535 1152 3600 Annnlo
1182 3529 1339 3596 Piscatoris

338 3630 390 3695 die
404 3631 557 3715 vigesima
574 3631 685 3716 quinta
707 3629 863 3711 lanuarii,
887 3631 930 3693 Μ.
947 3630 1013 3695 DC.
1035 3631 1168 3707 xxxi,
1182 3624 1339 3691 Pontifica-

337 3741 425 3795 catus
441 3729 539 3793 nostri
554 3728 648 3792 Anno
672 3739 797 3792 octavo.

425 3869 468 3931 Μ.
481 3868 520 3931 A.
540 3869 724 3931 Manauous.

1064 3994 1091 4054 1.
1104 3992 1258 4056 Sovmier.
