<?xml version="1.0" encoding="UTF-8"?>
<!DOCTYPE html PUBLIC "-//W3C//DTD XHTML 1.0 Transitional//EN"
    "http://www.w3.org/TR/xhtml1/DTD/xhtml1-transitional.dtd">
<html xmlns="http://www.w3.org/1999/xhtml" xml:lang="en" lang="en">
 <head>
  <title>
</title>
<meta http-equiv="Content-Type" content="text/html;charset=utf-8" />
  <meta name='ocr-system' content='tesseract 3.04.00' />
  <meta name='ocr-capabilities' content='ocr_page ocr_carea ocr_par ocr_line ocrx_word'/>
</head>
<body>
  <div class='ocr_page' id='page_1' title='image "./quaestionesinru00churgoog_0201.png"; bbox 0 0 2754 4740; ppageno 0'>
   <div class='ocr_carea' id='block_1_1' title="bbox 308 873 1305 1162">
    <p class='ocr_par' dir='ltr' id='par_1_1' title="bbox 308 873 1305 1162">
     <span class='ocr_line' id='line_1_1' title="bbox 573 873 1044 971; baseline 0.025 -12"><span class='ocrx_word' id='word_1_1' title='bbox 573 873 650 960; x_wconf 86' lang='lat' dir='ltr'><strong>DE</strong></span> <span class='ocrx_word' id='word_1_2' title='bbox 681 877 1044 971; x_wconf 82' lang='lat' dir='ltr'>DEFECTIBUS</span> 
     </span>
     <span class='ocr_line' id='line_1_2' title="bbox 308 1081 1305 1162; baseline 0.016 -17"><span class='ocrx_word' id='word_1_3' title='bbox 308 1081 350 1146; x_wconf 82' lang='lat' dir='ltr'><strong>ut</strong></span> <span class='ocrx_word' id='word_1_4' title='bbox 382 1081 693 1156; x_wconf 80' lang='lat' dir='ltr'><strong>cuuuunnuouu</strong></span> <span class='ocrx_word' id='word_1_5' title='bbox 716 1091 931 1158; x_wconf 82' lang='lat' dir='ltr'><strong>ntssnnun</strong></span> <span class='ocrx_word' id='word_1_6' title='bbox 961 1092 1305 1162; x_wconf 77' lang='lat' dir='ltr'><strong>OCCURRENttBUS.</strong></span> 
     </span>
    </p>
   </div>
   <div class='ocr_carea' id='block_1_2' title="bbox 296 1337 1311 2472">
    <p class='ocr_par' dir='ltr' id='par_1_2' title="bbox 296 1337 1311 2472">
     <span class='ocr_line' id='line_1_3' title="bbox 349 1337 1306 1435; baseline 0.013 -34"><span class='ocrx_word' id='word_1_7' title='bbox 349 1337 504 1406; x_wconf 76' lang='lat' dir='ltr'>Sacerdos</span> <span class='ocrx_word' id='word_1_8' title='bbox 531 1343 763 1427; x_wconf 72' lang='lat' dir='ltr'>celebraturus,</span> <span class='ocrx_word' id='word_1_9' title='bbox 789 1366 917 1410; x_wconf 90' lang='lat' dir='ltr'><strong>omnem</strong></span> <span class='ocrx_word' id='word_1_10' title='bbox 932 1345 1086 1413; x_wconf 88' lang='lat' dir='ltr'><strong>adhibeat</strong></span> <span class='ocrx_word' id='word_1_11' title='bbox 1100 1348 1306 1435; x_wconf 69' lang='lat' dir='ltr'><strong>diligentiam,</strong></span> 
     </span>
     <span class='ocr_line' id='line_1_4' title="bbox 304 1431 1307 1526; baseline 0.017 -35"><span class='ocrx_word' id='word_1_12' title='bbox 304 1451 345 1493; x_wconf 87' lang='lat' dir='ltr'><strong>ne</strong></span> <span class='ocrx_word' id='word_1_13' title='bbox 360 1431 442 1500; x_wconf 86' lang='lat' dir='ltr'><strong>desit</strong></span> <span class='ocrx_word' id='word_1_14' title='bbox 465 1437 586 1524; x_wconf 85' lang='lat' dir='ltr'><strong>aliquid</strong></span> <span class='ocrx_word' id='word_1_15' title='bbox 618 1462 657 1503; x_wconf 85' lang='lat' dir='ltr'><strong>ex</strong></span> <span class='ocrx_word' id='word_1_16' title='bbox 678 1441 838 1526; x_wconf 79' lang='lat' dir='ltr'><strong>requisitis</strong></span> <span class='ocrx_word' id='word_1_17' title='bbox 862 1441 903 1504; x_wconf 89' lang='lat' dir='ltr'><strong>ad</strong></span> <span class='ocrx_word' id='word_1_18' title='bbox 926 1443 1168 1507; x_wconf 77' lang='lat' dir='ltr'>Sacramentum</span> <span class='ocrx_word' id='word_1_19' title='bbox 1183 1445 1307 1508; x_wconf 82' lang='lat' dir='ltr'><strong>Eucha-</strong></span> 
     </span>
     <span class='ocr_line' id='line_1_5' title="bbox 302 1524 1309 1624; baseline 0.015 -39"><span class='ocrx_word' id='word_1_20' title='bbox 302 1524 398 1591; x_wconf 88' lang='lat' dir='ltr'><strong>ristiae</strong></span> <span class='ocrx_word' id='word_1_21' title='bbox 413 1532 659 1597; x_wconf 84' lang='lat' dir='ltr'><strong>conficiendum.</strong></span> <span class='ocrx_word' id='word_1_22' title='bbox 676 1536 785 1599; x_wconf 86' lang='lat' dir='ltr'><strong>Potest</strong></span> <span class='ocrx_word' id='word_1_23' title='bbox 796 1547 903 1599; x_wconf 87' lang='lat' dir='ltr'><strong>autem</strong></span> <span class='ocrx_word' id='word_1_24' title='bbox 917 1533 1061 1600; x_wconf 82' lang='lat' dir='ltr'><strong>detectus</strong></span> <span class='ocrx_word' id='word_1_25' title='bbox 1077 1539 1260 1624; x_wconf 81' lang='lat' dir='ltr'><strong>contingere</strong></span> <span class='ocrx_word' id='word_1_26' title='bbox 1272 1558 1309 1600; x_wconf 84' lang='lat' dir='ltr'><strong>ex</strong></span> 
     </span>
     <span class='ocr_line' id='line_1_6' title="bbox 302 1627 1310 1714; baseline 0.011 -32"><span class='ocrx_word' id='word_1_27' title='bbox 302 1630 392 1702; x_wconf 84' lang='lat' dir='ltr'><strong>parte</strong></span> <span class='ocrx_word' id='word_1_28' title='bbox 408 1629 548 1692; x_wconf 72' lang='lat' dir='ltr'><strong>materie</strong></span> <span class='ocrx_word' id='word_1_29' title='bbox 559 1627 794 1710; x_wconf 78' lang='lat' dir='ltr'><strong>eonsecrairdoe,</strong></span> <span class='ocrx_word' id='word_1_30' title='bbox 808 1641 888 1694; x_wconf 88' lang='lat' dir='ltr'><strong>etex</strong></span> <span class='ocrx_word' id='word_1_31' title='bbox 903 1643 993 1714; x_wconf 81' lang='lat' dir='ltr'><strong>parte</strong></span> <span class='ocrx_word' id='word_1_32' title='bbox 1002 1631 1113 1696; x_wconf 78' lang='lat' dir='ltr'><strong>iermae</strong></span> <span class='ocrx_word' id='word_1_33' title='bbox 1122 1630 1310 1695; x_wconf 78' lang='lat' dir='ltr'><strong>adhibendae</strong></span> 
     </span>
     <span class='ocr_line' id='line_1_7' title="bbox 302 1722 1310 1812; baseline 0.014 -38"><span class='ocrx_word' id='word_1_34' title='bbox 302 1722 334 1776; x_wconf 85' lang='lat' dir='ltr'><strong>et</strong></span> <span class='ocrx_word' id='word_1_35' title='bbox 349 1737 388 1780; x_wconf 84' lang='lat' dir='ltr'><strong>ex</strong></span> <span class='ocrx_word' id='word_1_36' title='bbox 403 1733 493 1803; x_wconf 84' lang='lat' dir='ltr'><strong>perte</strong></span> <span class='ocrx_word' id='word_1_37' title='bbox 515 1725 650 1788; x_wconf 91' lang='lat' dir='ltr'><strong>ministri</strong></span> <span class='ocrx_word' id='word_1_38' title='bbox 665 1723 873 1788; x_wconf 83' lang='lat' dir='ltr'><strong>conficientis.</strong></span> <span class='ocrx_word' id='word_1_39' title='bbox 896 1723 1063 1812; x_wconf 82' lang='lat' dir='ltr'><strong>Quidquid</strong></span> <span class='ocrx_word' id='word_1_40' title='bbox 1085 1727 1172 1788; x_wconf 87' lang='lat' dir='ltr'><strong>enim</strong></span> <span class='ocrx_word' id='word_1_41' title='bbox 1200 1727 1310 1788; x_wconf 84' lang='lat' dir='ltr'><strong>herum</strong></span> 
     </span>
     <span class='ocr_line' id='line_1_8' title="bbox 301 1807 1311 1900; baseline 0.012 -30"><span class='ocrx_word' id='word_1_42' title='bbox 301 1807 418 1892; x_wconf 86' lang='lat' dir='ltr'><strong>deficit,</strong></span> <span class='ocrx_word' id='word_1_43' title='bbox 436 1819 556 1882; x_wconf 85' lang='lat' dir='ltr'><strong>scilieet</strong></span> <span class='ocrx_word' id='word_1_44' title='bbox 568 1819 701 1881; x_wconf 87' lang='lat' dir='ltr'><strong>materia</strong></span> <span class='ocrx_word' id='word_1_45' title='bbox 717 1815 838 1896; x_wconf 83' lang='lat' dir='ltr'><strong>debita,</strong></span> <span class='ocrx_word' id='word_1_46' title='bbox 856 1819 959 1882; x_wconf 80' lang='lat' dir='ltr'><strong>forma</strong></span> <span class='ocrx_word' id='word_1_47' title='bbox 982 1841 1055 1882; x_wconf 89' lang='lat' dir='ltr'><strong>eum</strong></span> <span class='ocrx_word' id='word_1_48' title='bbox 1079 1819 1266 1900; x_wconf 86' lang='lat' dir='ltr'><strong>intentione,</strong></span> <span class='ocrx_word' id='word_1_49' title='bbox 1281 1827 1311 1882; x_wconf 90' lang='lat' dir='ltr'><strong>et</strong></span> 
     </span>
     <span class='ocr_line' id='line_1_9' title="bbox 300 1904 1309 1997; baseline 0.009 -32"><span class='ocrx_word' id='word_1_50' title='bbox 300 1904 379 1970; x_wconf 87' lang='lat' dir='ltr'><strong>ordo</strong></span> <span class='ocrx_word' id='word_1_51' title='bbox 392 1913 595 1977; x_wconf 83' lang='lat' dir='ltr'><strong>sacerdotalis</strong></span> <span class='ocrx_word' id='word_1_52' title='bbox 610 1914 642 1976; x_wconf 91' lang='lat' dir='ltr'><strong>in</strong></span> <span class='ocrx_word' id='word_1_53' title='bbox 654 1911 852 1997; x_wconf 89' lang='lat' dir='ltr'><strong>conficiente,</strong></span> <span class='ocrx_word' id='word_1_54' title='bbox 866 1933 932 1976; x_wconf 89' lang='lat' dir='ltr'><strong>nen</strong></span> <span class='ocrx_word' id='word_1_55' title='bbox 947 1911 1115 1976; x_wconf 84' lang='lat' dir='ltr'><strong>conficitur</strong></span> <span class='ocrx_word' id='word_1_56' title='bbox 1127 1914 1309 1976; x_wconf 83' lang='lat' dir='ltr'><strong>Sacramen-</strong></span> 
     </span>
     <span class='ocr_line' id='line_1_10' title="bbox 299 2005 1308 2093; baseline 0.005 -28"><span class='ocrx_word' id='word_1_57' title='bbox 299 2006 379 2066; x_wconf 73' lang='lat' dir='ltr'><strong>tum.</strong></span> <span class='ocrx_word' id='word_1_58' title='bbox 392 2006 430 2070; x_wconf 85' lang='lat' dir='ltr'><strong>Et</strong></span> <span class='ocrx_word' id='word_1_59' title='bbox 438 2007 487 2072; x_wconf 92' lang='lat' dir='ltr'><strong>his</strong></span> <span class='ocrx_word' id='word_1_60' title='bbox 499 2008 719 2085; x_wconf 80' lang='lat' dir='ltr'><strong>existentibus,</strong></span> <span class='ocrx_word' id='word_1_61' title='bbox 729 2006 986 2093; x_wconf 85' lang='lat' dir='ltr'><strong>quibuscumque</strong></span> <span class='ocrx_word' id='word_1_62' title='bbox 995 2008 1065 2071; x_wconf 86' lang='lat' dir='ltr'><strong>aliis</strong></span> <span class='ocrx_word' id='word_1_63' title='bbox 1074 2005 1308 2086; x_wconf 80' lang='lat' dir='ltr'><strong>deficientibus,</strong></span> 
     </span>
     <span class='ocr_line' id='line_1_11' title="bbox 298 2097 1309 2186; baseline 0.007 -31"><span class='ocrx_word' id='word_1_64' title='bbox 298 2097 416 2163; x_wconf 78' lang='lat' dir='ltr'><strong>veritas</strong></span> <span class='ocrx_word' id='word_1_65' title='bbox 431 2100 737 2167; x_wconf 84' lang='lat' dir='ltr'><strong>adestSaeramenti.</strong></span> <span class='ocrx_word' id='word_1_66' title='bbox 754 2100 818 2165; x_wconf 84' lang='lat' dir='ltr'><strong>Alii</strong></span> <span class='ocrx_word' id='word_1_67' title='bbox 836 2124 912 2167; x_wconf 84' lang='lat' dir='ltr'><strong>vero</strong></span> <span class='ocrx_word' id='word_1_68' title='bbox 935 2111 1008 2165; x_wconf 87' lang='lat' dir='ltr'><strong>sunt</strong></span> <span class='ocrx_word' id='word_1_69' title='bbox 1033 2098 1189 2182; x_wconf 86' lang='lat' dir='ltr'><strong>defectus,</strong></span> <span class='ocrx_word' id='word_1_70' title='bbox 1208 2101 1309 2186; x_wconf 91' lang='lat' dir='ltr'><strong>quiin</strong></span> 
     </span>
     <span class='ocr_line' id='line_1_12' title="bbox 298 2188 1309 2274; baseline 0.006 -23"><span class='ocrx_word' id='word_1_71' title='bbox 298 2188 399 2257; x_wconf 85' lang='lat' dir='ltr'><strong>Missae</strong></span> <span class='ocrx_word' id='word_1_72' title='bbox 411 2196 625 2261; x_wconf 76' lang='lat' dir='ltr'><strong>celebratione</strong></span> <span class='ocrx_word' id='word_1_73' title='bbox 634 2205 850 2274; x_wconf 86' lang='lat' dir='ltr'><strong>occurrentes,</strong></span> <span class='ocrx_word' id='word_1_74' title='bbox 865 2197 922 2261; x_wconf 86' lang='lat' dir='ltr'><strong>etsi</strong></span> <span class='ocrx_word' id='word_1_75' title='bbox 933 2195 1100 2260; x_wconf 87' lang='lat' dir='ltr'><strong>veritatem</strong></span> <span class='ocrx_word' id='word_1_76' title='bbox 1110 2197 1309 2260; x_wconf 80' lang='lat' dir='ltr'><strong>sacramenti</strong></span> 
     </span>
     <span class='ocr_line' id='line_1_13' title="bbox 297 2289 1308 2377; baseline 0.003 -27"><span class='ocrx_word' id='word_1_77' title='bbox 297 2307 361 2350; x_wconf 90' lang='lat' dir='ltr'><strong>nen</strong></span> <span class='ocrx_word' id='word_1_78' title='bbox 382 2289 570 2375; x_wconf 86' lang='lat' dir='ltr'><strong>impediant,</strong></span> <span class='ocrx_word' id='word_1_79' title='bbox 589 2302 720 2377; x_wconf 81' lang='lat' dir='ltr'><strong>possunt</strong></span> <span class='ocrx_word' id='word_1_80' title='bbox 735 2301 842 2356; x_wconf 84' lang='lat' dir='ltr'><strong>tamen</strong></span> <span class='ocrx_word' id='word_1_81' title='bbox 854 2303 908 2356; x_wconf 89' lang='lat' dir='ltr'><strong>aut</strong></span> <span class='ocrx_word' id='word_1_82' title='bbox 923 2313 997 2356; x_wconf 91' lang='lat' dir='ltr'><strong>eum</strong></span> <span class='ocrx_word' id='word_1_83' title='bbox 1011 2302 1154 2377; x_wconf 88' lang='lat' dir='ltr'><strong>peceato,</strong></span> <span class='ocrx_word' id='word_1_84' title='bbox 1172 2300 1308 2354; x_wconf 86' lang='lat' dir='ltr'><strong>autenm</strong></span> 
     </span>
     <span class='ocr_line' id='line_1_14' title="bbox 296 2381 1082 2472; baseline 0.015 -29"><span class='ocrx_word' id='word_1_85' title='bbox 296 2381 655 2472; x_wconf 85' lang='lat' dir='ltr'><strong>seandalneentingere.</strong></span> <span class='ocrx_word' id='word_1_86' title='bbox 1062 2415 1082 2464; x_wconf 71' lang='grc' dir='ltr'>ι</span> 
     </span>
    </p>
   </div>
   <div class='ocr_carea' id='block_1_3' title="bbox 525 2651 1068 2757">
    <p class='ocr_par' dir='ltr' id='par_1_3' title="bbox 525 2651 1068 2757">
     <span class='ocr_line' id='line_1_15' title="bbox 525 2651 1068 2757; baseline 0.002 -32"><span class='ocrx_word' id='word_1_87' title='bbox 525 2651 578 2726; x_wconf 87' lang='grc' dir='ltr'><strong>ΙΙ.</strong></span> <span class='ocrx_word' id='word_1_88' title='bbox 599 2653 656 2757; x_wconf 85' lang='lat' dir='ltr'><strong>De</strong></span> <span class='ocrx_word' id='word_1_89' title='bbox 672 2655 870 2747; x_wconf 73' lang='lat' dir='ltr'><strong>defectibus</strong></span> <span class='ocrx_word' id='word_1_90' title='bbox 887 2654 1068 2730; x_wconf 72' lang='lat' dir='ltr'><strong>neuterius.</strong></span> 
     </span>
    </p>
   </div>
   <div class='ocr_carea' id='block_1_4' title="bbox 335 2917 1375 3003">
    <p class='ocr_par' dir='ltr' id='par_1_4' title="bbox 335 2917 1375 3003">
     <span class='ocr_line' id='line_1_16' title="bbox 335 2917 1375 3003; baseline -0.005 -22"><span class='ocrx_word' id='word_1_91' title='bbox 335 2919 485 2982; x_wconf 82' lang='lat' dir='ltr'><strong>Defectus</strong></span> <span class='ocrx_word' id='word_1_92' title='bbox 501 2940 540 2981; x_wconf 85' lang='lat' dir='ltr'><strong>ex</strong></span> <span class='ocrx_word' id='word_1_93' title='bbox 555 2929 645 3002; x_wconf 81' lang='lat' dir='ltr'><strong>parte</strong></span> <span class='ocrx_word' id='word_1_94' title='bbox 668 2920 809 2983; x_wconf 82' lang='lat' dir='ltr'><strong>materiae</strong></span> <span class='ocrx_word' id='word_1_95' title='bbox 827 2929 960 3003; x_wconf 88' lang='lat' dir='ltr'><strong>pessunt</strong></span> <span class='ocrx_word' id='word_1_96' title='bbox 982 2917 1182 3001; x_wconf 72' lang='lat' dir='ltr'><strong>contingere,</strong></span> <span class='ocrx_word' id='word_1_97' title='bbox 1200 2920 1228 2982; x_wconf 91' lang='lat' dir='ltr'><strong>si</strong></span> <span class='ocrx_word' id='word_1_98' title='bbox 1254 2920 1307 2984; x_wconf 82' lang='lat' dir='ltr'><strong>ati·</strong></span> <span class='ocrx_word' id='word_1_99' title='bbox 1374 2951 1375 2976; x_wconf 77' lang='lat' dir='ltr'><strong>t</strong></span> 
     </span>
    </p>
   </div>
   <div class='ocr_carea' id='block_1_5' title="bbox 291 3009 1308 3360">
    <p class='ocr_par' dir='ltr' id='par_1_5' title="bbox 291 3009 1308 3360">
     <span class='ocr_line' id='line_1_17' title="bbox 293 3009 1308 3098; baseline 0.003 -24"><span class='ocrx_word' id='word_1_100' title='bbox 293 3009 371 3097; x_wconf 90' lang='lat' dir='ltr'><strong>quid</strong></span> <span class='ocrx_word' id='word_1_101' title='bbox 385 3009 466 3076; x_wconf 84' lang='lat' dir='ltr'><strong>desit</strong></span> <span class='ocrx_word' id='word_1_102' title='bbox 482 3033 522 3073; x_wconf 82' lang='lat' dir='ltr'><strong>ex</strong></span> <span class='ocrx_word' id='word_1_103' title='bbox 535 3013 583 3088; x_wconf 81' lang='lat' dir='ltr'><strong>iis,</strong></span> <span class='ocrx_word' id='word_1_104' title='bbox 605 3034 676 3098; x_wconf 87' lang='lat' dir='ltr'><strong>quae</strong></span> <span class='ocrx_word' id='word_1_105' title='bbox 700 3011 857 3096; x_wconf 83' lang='lat' dir='ltr'><strong>adipeam</strong></span> <span class='ocrx_word' id='word_1_106' title='bbox 874 3014 1095 3097; x_wconf 88' lang='lat' dir='ltr'><strong>requiruntur.</strong></span> <span class='ocrx_word' id='word_1_107' title='bbox 1113 3013 1308 3095; x_wconf 87' lang='lat' dir='ltr'><strong>Requiritur</strong></span> 
     </span>
     <span class='ocr_line' id='line_1_18' title="bbox 293 3105 1308 3192; baseline 0.002 -23"><span class='ocrx_word' id='word_1_108' title='bbox 293 3106 378 3169; x_wconf 92' lang='lat' dir='ltr'><strong>enim</strong></span> <span class='ocrx_word' id='word_1_109' title='bbox 393 3114 429 3169; x_wconf 89' lang='lat' dir='ltr'><strong>ut</strong></span> <span class='ocrx_word' id='word_1_110' title='bbox 445 3106 485 3168; x_wconf 87' lang='lat' dir='ltr'><strong>sit</strong></span> <span class='ocrx_word' id='word_1_111' title='bbox 500 3107 591 3189; x_wconf 81' lang='lat' dir='ltr'><strong>panis</strong></span> <span class='ocrx_word' id='word_1_112' title='bbox 603 3107 756 3186; x_wconf 84' lang='lat' dir='ltr'><strong>triticeus,</strong></span> <span class='ocrx_word' id='word_1_113' title='bbox 775 3118 807 3170; x_wconf 87' lang='lat' dir='ltr'><strong>et</strong></span> <span class='ocrx_word' id='word_1_114' title='bbox 821 3107 931 3170; x_wconf 78' lang='lat' dir='ltr'><strong>vinnm</strong></span> <span class='ocrx_word' id='word_1_115' title='bbox 945 3105 985 3169; x_wconf 91' lang='lat' dir='ltr'><strong>de</strong></span> <span class='ocrx_word' id='word_1_116' title='bbox 1000 3106 1085 3171; x_wconf 74' lang='lat' dir='ltr'><strong>vitet</strong></span> <span class='ocrx_word' id='word_1_117' title='bbox 1102 3115 1133 3168; x_wconf 90' lang='lat' dir='ltr'><strong>et</strong></span> <span class='ocrx_word' id='word_1_118' title='bbox 1147 3116 1183 3166; x_wconf 93' lang='lat' dir='ltr'><strong>ut</strong></span> <span class='ocrx_word' id='word_1_119' title='bbox 1196 3105 1308 3192; x_wconf 80' lang='lat' dir='ltr'><strong>hujus·</strong></span> 
     </span>
     <span class='ocr_line' id='line_1_19' title="bbox 292 3197 1308 3265; baseline 0.004 -3"><span class='ocrx_word' id='word_1_120' title='bbox 292 3197 379 3262; x_wconf 90' lang='lat' dir='ltr'><strong>medi</strong></span> <span class='ocrx_word' id='word_1_121' title='bbox 396 3199 526 3263; x_wconf 83' lang='lat' dir='ltr'><strong>materia</strong></span> <span class='ocrx_word' id='word_1_122' title='bbox 544 3199 761 3264; x_wconf 85' lang='lat' dir='ltr'><strong>consecranda</strong></span> <span class='ocrx_word' id='word_1_123' title='bbox 777 3201 809 3263; x_wconf 96' lang='lat' dir='ltr'><strong>in</strong></span> <span class='ocrx_word' id='word_1_124' title='bbox 825 3211 897 3264; x_wconf 86' lang='lat' dir='ltr'><strong>actu</strong></span> <span class='ocrx_word' id='word_1_125' title='bbox 913 3198 1168 3264; x_wconf 78' lang='lat' dir='ltr'><strong>consecrationis</strong></span> <span class='ocrx_word' id='word_1_126' title='bbox 1192 3199 1237 3264; x_wconf 88' lang='lat' dir='ltr'><strong>sit</strong></span> <span class='ocrx_word' id='word_1_127' title='bbox 1253 3222 1308 3265; x_wconf 89' lang='lat' dir='ltr'><strong>eo·</strong></span> 
     </span>
     <span class='ocr_line' id='line_1_20' title="bbox 291 3294 555 3360; baseline 0.004 -3"><span class='ocrx_word' id='word_1_128' title='bbox 291 3315 360 3358; x_wconf 90' lang='lat' dir='ltr'><strong>ram</strong></span> <span class='ocrx_word' id='word_1_129' title='bbox 379 3294 555 3360; x_wconf 83' lang='lat' dir='ltr'><strong>sacerdote.</strong></span> 
     </span>
    </p>
   </div>
   <div class='ocr_carea' id='block_1_6' title="bbox 510 3494 1054 3648">
    <p class='ocr_par' dir='ltr' id='par_1_6' title="bbox 510 3494 1054 3648">
     <span class='ocr_line' id='line_1_21' title="bbox 510 3494 1054 3648; baseline -0.007 -23"><span class='ocrx_word' id='word_1_130' title='bbox 510 3494 517 3500; x_wconf 87' lang='lat'>-</span> <span class='ocrx_word' id='word_1_131' title='bbox 563 3548 638 3625; x_wconf 85' lang='grc' dir='ltr'><em>ΙΙΙ.</em></span> <span class='ocrx_word' id='word_1_132' title='bbox 660 3550 714 3625; x_wconf 86' lang='lat' dir='ltr'><strong>De</strong></span> <span class='ocrx_word' id='word_1_133' title='bbox 737 3547 879 3647; x_wconf 84' lang='lat' dir='ltr'><strong>defectu</strong></span> <span class='ocrx_word' id='word_1_134' title='bbox 895 3551 1025 3648; x_wconf 68' lang='lat' dir='ltr'><strong>pann.</strong></span> <span class='ocrx_word' id='word_1_135' title='bbox 1052 3571 1054 3576; x_wconf 70' lang='grc'><em>’</em></span> 
     </span>
    </p>
   </div>
   <div class='ocr_carea' id='block_1_7' title="bbox 335 3794 1308 3888">
    <p class='ocr_par' dir='ltr' id='par_1_7' title="bbox 335 3794 1308 3888">
     <span class='ocr_line' id='line_1_22' title="bbox 335 3794 1308 3888; baseline -0.003 -20"><span class='ocrx_word' id='word_1_136' title='bbox 335 3807 368 3868; x_wconf 87' lang='grc'><strong>1.</strong></span> <span class='ocrx_word' id='word_1_137' title='bbox 393 3805 425 3868; x_wconf 90' lang='lat' dir='ltr'><strong>Si</strong></span> <span class='ocrx_word' id='word_1_138' title='bbox 443 3804 533 3888; x_wconf 77' lang='lat' dir='ltr'><strong>penis</strong></span> <span class='ocrx_word' id='word_1_139' title='bbox 548 3824 612 3865; x_wconf 88' lang='lat' dir='ltr'><strong>nun</strong></span> <span class='ocrx_word' id='word_1_140' title='bbox 630 3803 669 3867; x_wconf 88' lang='lat' dir='ltr'><strong>sit</strong></span> <span class='ocrx_word' id='word_1_141' title='bbox 685 3804 838 3883; x_wconf 75' lang='lat' dir='ltr'><strong>triticeus,</strong></span> <span class='ocrx_word' id='word_1_142' title='bbox 857 3804 907 3866; x_wconf 84' lang='lat' dir='ltr'><strong>vel</strong></span> <span class='ocrx_word' id='word_1_143' title='bbox 924 3803 949 3865; x_wconf 91' lang='lat' dir='ltr'><strong>si</strong></span> <span class='ocrx_word' id='word_1_144' title='bbox 967 3801 1122 3878; x_wconf 81' lang='lat' dir='ltr'><strong>tritireus,</strong></span> <span class='ocrx_word' id='word_1_145' title='bbox 1139 3794 1308 3865; x_wconf 84' lang='lat' dir='ltr'><strong>admixtus</strong></span> 
     </span>
    </p>
   </div>
   <div class='ocr_carea' id='block_1_8' title="bbox 290 3895 1373 3982">
    <p class='ocr_par' dir='ltr' id='par_1_8' title="bbox 290 3895 1373 3982">
     <span class='ocr_line' id='line_1_23' title="bbox 290 3895 1373 3982; baseline -0.004 -21"><span class='ocrx_word' id='word_1_146' title='bbox 290 3898 331 3962; x_wconf 86' lang='lat' dir='ltr'><strong>sit</strong></span> <span class='ocrx_word' id='word_1_147' title='bbox 345 3898 452 3982; x_wconf 81' lang='lat' dir='ltr'><strong>granis</strong></span> <span class='ocrx_word' id='word_1_148' title='bbox 468 3896 599 3959; x_wconf 82' lang='lat' dir='ltr'><strong>atterius</strong></span> <span class='ocrx_word' id='word_1_149' title='bbox 616 3897 741 3980; x_wconf 82' lang='lat' dir='ltr'><strong>generis</strong></span> <span class='ocrx_word' id='word_1_150' title='bbox 756 3897 787 3959; x_wconf 94' lang='lat' dir='ltr'><strong>in</strong></span> <span class='ocrx_word' id='word_1_151' title='bbox 802 3905 888 3959; x_wconf 89' lang='lat' dir='ltr'><strong>tanta</strong></span> <span class='ocrx_word' id='word_1_152' title='bbox 904 3895 1093 3981; x_wconf 81' lang='lat' dir='ltr'><strong>quantitate,</strong></span> <span class='ocrx_word' id='word_1_153' title='bbox 1107 3901 1142 3953; x_wconf 93' lang='lat' dir='ltr'><strong>ut</strong></span> <span class='ocrx_word' id='word_1_154' title='bbox 1158 3911 1223 3953; x_wconf 88' lang='lat' dir='ltr'><strong>non</strong></span> <span class='ocrx_word' id='word_1_155' title='bbox 1240 3914 1309 3957; x_wconf 86' lang='lat' dir='ltr'><strong>rna·</strong></span> <span class='ocrx_word' id='word_1_156' title='bbox 1372 3929 1373 3976; x_wconf 45' lang='lat'><em>3</em></span> 
     </span>
    </p>
   </div>
   <div class='ocr_carea' id='block_1_9' title="bbox 289 3987 1309 4155">
    <p class='ocr_par' dir='ltr' id='par_1_9' title="bbox 289 3987 1309 4155">
     <span class='ocr_line' id='line_1_24' title="bbox 290 3987 1309 4076; baseline -0.004 -21"><span class='ocrx_word' id='word_1_157' title='bbox 290 4004 365 4056; x_wconf 89' lang='lat' dir='ltr'><strong>neat</strong></span> <span class='ocrx_word' id='word_1_158' title='bbox 391 3990 480 4074; x_wconf 86' lang='lat' dir='ltr'><strong>panis</strong></span> <span class='ocrx_word' id='word_1_159' title='bbox 496 3990 649 4070; x_wconf 86' lang='lat' dir='ltr'><strong>triticeus,</strong></span> <span class='ocrx_word' id='word_1_160' title='bbox 668 3993 719 4055; x_wconf 86' lang='lat' dir='ltr'><strong>vei</strong></span> <span class='ocrx_word' id='word_1_161' title='bbox 743 3989 909 4076; x_wconf 83' lang='lat' dir='ltr'><strong>sitelioqui</strong></span> <span class='ocrx_word' id='word_1_162' title='bbox 925 3999 1105 4074; x_wconf 83' lang='lat' dir='ltr'><strong>corruptus,</strong></span> <span class='ocrx_word' id='word_1_163' title='bbox 1124 4005 1189 4048; x_wconf 91' lang='lat' dir='ltr'><strong>non</strong></span> <span class='ocrx_word' id='word_1_164' title='bbox 1205 3987 1309 4051; x_wconf 76' lang='lat' dir='ltr'><strong>eonfi-</strong></span> 
     </span>
     <span class='ocr_line' id='line_1_25' title="bbox 289 4087 1286 4155; baseline -0.012 -2"><span class='ocrx_word' id='word_1_165' title='bbox 289 4089 371 4155; x_wconf 90' lang='lat' dir='ltr'><strong>eitur</strong></span> <span class='ocrx_word' id='word_1_166' title='bbox 386 4087 638 4152; x_wconf 80' lang='lat' dir='ltr'><strong>Sacramentum.</strong></span> <span class='ocrx_word' id='word_1_167' title='bbox 1278 4107 1286 4114; x_wconf 59' lang='grc'>’</span> 
     </span>
    </p>
   </div>
   <div class='ocr_carea' id='block_1_10' title="bbox 0 0 1382 4740">
    <p class='ocr_par' dir='ltr' id='par_1_10' title="bbox 0 0 1382 4740">
     <span class='ocr_line' id='line_1_26' title="bbox 0 0 1382 4740; baseline 0 5"><span class='ocrx_word' id='word_1_168' title='bbox 0 0 1382 4740; x_wconf 95' lang='lat' dir='ltr'><strong> </strong></span> 
     </span>
    </p>
   </div>
  </div>
 </body>
</html>
