2750 4738
284 196 325 258 88
723 213 867 258 nonarum

283 313 416 382 adsunt:
442 313 496 401 qui
514 312 630 400 Hymni
656 311 697 378 de
719 315 873 381 Psaherio
886 317 919 380 in
938 312 1125 391 Dominicis,
1148 323 1179 376 ct
1200 308 1286 374 Feriis

285 410 447 497 assignati,
465 404 617 472 dicuntur
633 407 674 472 ab
690 407 812 475 Octava
834 412 1038 475 Pentecostes
1058 427 1159 494 usque
1175 404 1215 468 ad
1229 401 1282 468 hd·

179 495 184 515 ‘
285 501 849 591 ventum(DominicainfraOetavam
860 497 1286 592 CorporisChristicxccpta)‚
1353 566 1358 595 ¹

287 613 318 668 et
334 601 375 666 ab
391 601 512 664 Octava
538 598 725 683 Epiphania
748 621 851 686 usquc
878 598 919 666 ad
941 597 1141 664 Dominicam
1162 595 1285 680 primaru
1353 674 1357 683 Δ

287 695 546 782 Quadragcsimae
562 695 736 760 exclusive.
755 698 791 760 In
809 697 921 763 Officio
941 695 982 760 dc
998 693 1133 774 Sanctis,
1151 689 1287 755 dicuntur

286 803 322 857 ut
337 794 371 856 in
388 788 556 855 Communi
574 789 775 870 Sanctorum,
795 791 853 854 nisi
871 791 989 878 proprii
1015 788 1048 850 in
1063 786 1198 872 Propria
1220 785 1287 848 San·
1357 793 1360 824 r

287 898 412 951 ctorum
437 882 633 947 habeantur.

331 983 363 1046 t.
390 981 428 1044 In
456 977 627 1042 Nativitate
656 977 784 1041 Domini
812 1001 913 1066 usque
944 977 986 1042 ad
1011 965 1241 1066 Epiphaniam,
1263 973 1290 1034 in

288 1077 380 1141 Festo
391 1072 540 1159 Corporis
553 1071 680 1156 Christi,
698 1083 730 1136 et
742 1095 799 1158 per
808 1075 974 1155 Octavam,
988 1085 1019 1140 et
1031 1073 1288 1162 quandocumque

289 1172 323 1236 fir
337 1170 486 1235 Officium
502 1167 609 1230 Beata
626 1167 731 1231 Mariae
748 1176 812 1232 tam
837 1191 964 1246 novem,
988 1191 1085 1257 qnam
1106 1168 1201 1232 trium
1215 1165 1286 1226 Lec—

290 1267 425 1346 tionum,
437 1262 533 1326 etiam
546 1262 702 1346 Tempore
714 1262 871 1345 Paschali,
886 1264 990 1327 iatine
1003 1264 1147 1327 omnium
1159 1261 1287 1346 Hymno·
1357 1327 1358 1330 Ἴ

289 1381 360 1424 rum
383 1361 610 1444 (praeterquam
636 1357 669 1419 in
691 1358 907 1444 fineHymni,
935 1358 1004 1424 Ave
1029 1359 1126 1421 maris
1150 1357 1247 1430 stella,
1264 1361 1291 1412 et
1357 1399 1358 1402 ,

289 1454 408 1541 Hymni
423 1451 465 1516 ad
487 1449 612 1514 Laudes
633 1451 666 1514 in
685 1453 778 1516 Festo
799 1453 946 1538 Corporis
970 1453 1097 1532 Christi,
1126 1451 1182 1537 qui
1204 1447 1291 1512 habet

289 1549 439 1613 ultimum
454 1547 591 1614 Versum
609 1546 800 1632 proprium),
812 1546 940 1630 dicitur,
953 1549 971 1612 J
974 1571 1041 1630 esu,
1058 1547 1117 1612 tibi
1134 1546 1174 1609 sit
1188 1543 1291 1631 gloria,

290 1645 353 1725 Oui
369 1652 462 1706 natus
486 1661 518 1704 cs
541 1637 582 1702 de
598 1641 743 1727 Virgine,
762 1652 798 1705 ut
813 1643 847 1705 in
864 1642 934 1728 ejus
947 1643 1058 1707 Officio
1076 1661 1188 1726 parvo,
1206 1638 1293 1702 ctiam

291 1739 315 1802 si
333 1737 481 1801 dicantur
494 1733 612 1820 Hymni
629 1733 669 1797 dc
695 1736 831 1818 Sanctis,
856 1738 910 1824 qni
929 1738 1011 1802 inira
1031 1737 1168 1800 Octavus
1183 1729 1289 1818 praedi-

291 1843 356 1898 ctas
385 1832 606 1910 celebrantur,
638 1827 813 1895 dummodo
844 1833 961 1919 Hymni
986 1831 1031 1896 illi
1058 1831 1122 1895 sint
1151 1825 1287 1915 ejusdcm

292 1929 397 2005 metri,
414 1947 474 1988 nce
484 1925 625 1988 habeant
639 1925 787 1991 ultimum
808 1927 945 1994 Versum
961 1926 1139 2014 proprium,
1152 1934 1188 1988 ut
1201 1924 1290 2008 Hym-

292 2043 352 2085 nus
368 2029 482 2085 sanctae
496 2019 605 2082 Crucis
620 2017 660 2082 ad
671 2020 842 2106 Vesperas,
852 2032 884 2086 et
898 2023 1109 2108 plurimorum
1126 2021 1288 2103 Martyrum

292 2112 334 2179 ad
351 2114 555 2180 Matutinum.

338 2209 370 2274 5.
395 2213 432 2272 In
457 2207 635 2293 Epiphania
665 2207 804 2287 Domini,
837 2219 869 2274 et
902 2231 959 2295 per
986 2210 1151 2288 Octavam,
1179 2209 1210 2272 in
1237 2206 1293 2268 fine

293 2305 436 2370 omnium
460 2303 661 2387 Hymnorum
686 2302 814 2382 dicitnr,
839 2305 927 2387 Jesu,
953 2305 1009 2369 tihi
1033 2305 1073 2369 sit
1104 2305 1213 2392 gloria,
1238 2298 1293 2381 Qui

293 2395 467 2484 apparuisti
481 2395 648 2460 Gentibus.

336 2494 368 2556 6.
392 2489 421 2554 A
443 2489 608 2553 Dominica
632 2490 664 2553 in
689 2488 781 2553 Athis
808 2491 973 2576 usquead
999 2492 1237 2570 Asccnsioncm,
1264 2489 1293 2549 iu

292 2589 492 2668 Pentecoste,
511 2593 542 2646 et
562 2606 619 2668 per
634 2584 801 2661 Octavam,
816 2586 848 2648 in
864 2585 928 2651 tine
944 2589 1088 2651 omnium
1104 2588 1293 2673 Hymoorum

294 2679 422 2762 dicitur,
449 2681 516 2742 Deo
538 2677 626 2744 Patri
650 2679 690 2742 sit
713 2681 827 2766 gloria,
850 2684 889 2745 Et
911 2684 1003 2761 Filio,
1028 2683 1084 2770 qui
1109 2704 1126 2746 a
1150 2677 1293 2755 mortuis;

297 2776 391 2838 ctiam
409 2775 441 2837 in
457 2773 557 2837 Festis
579 2774 770 2837 Sanctorum
787 2775 901 2839 codem
917 2779 1074 2861 Tempore
1090 2774 1231 2840 Paschah
1247 2792 1295 2834 oc·

295 2870 515 2934 currentium:
533 2865 709 2931 dummodo
732 2869 850 2954 Hymni
873 2871 936 2934 sint
959 2870 1104 2956 ejusdem
1120 2869 1220 2950 metri,
1241 2887 1294 2928 noc

296 2962 436 3026 habeant
452 2963 599 3026 ultimum
615 2963 753 3028 Versum
769 2965 945 3049 proprium,
959 2966 1014 3051 qui
1030 2987 1093 3029 non
1107 2973 1252 3042 mutatur,
1264 2968 1295 3021 ut

296 3077 405 3140 supra.

339 3152 371 3214 7.
396 3154 434 3215 ln
448 3150 642 3220 Ascensionc
653 3163 760 3218 autem
776 3173 877 3238 usque
893 3150 932 3216 ad
944 3154 1156 3219 Pentecosten
1170 3153 1295 3236 (praeter-

296 3267 393 3330 quam
417 3247 448 3308 in
470 3247 608 3332 Hymno,
634 3249 750 3312 Salutis
766 3247 913 3314 humanae
930 3247 1047 3332 Sator),
1065 3245 1193 3330 dicitur,
1210 3247 1290 3322 Jesu,

297 3341 353 3402 tibi
370 3341 410 3403 sit
425 3342 538 3424 gloria,
553 3342 615 3422 Qui
633 3343 736 3407 victor
751 3343 783 3405 in
800 3344 915 3406 coctum
929 3342 1028 3426 redis;
1046 3343 1194 3407 similiter
1209 3345 1294 3406 ctiam

297 3433 329 3495 in
345 3435 445 3498 Festis
465 3447 541 3500 tunc
557 3439 812 3502 occurrentibus.

340 3527 371 3590 8.
397 3530 434 3591 ln
455 3530 743 3616 Transfiguratione
764 3533 891 3595 Domini
913 3532 1043 3610 dicitur,
1068 3533 1157 3614 Jesu,
1183 3531 1237 3596 tibi
1260 3528 1296 3590 sit

195 3620 198 3646 ¹
295 3620 409 3704 gloria,
429 3623 491 3702 Qui
516 3633 546 3687 tc
569 3627 690 3689 revelas
713 3627 866 3710 parvulis
884 3627 964 3692 Aliis
986 3618 1185 3712 temporibus
1201 3621 1294 3690 termi-

296 3724 413 3778 nantur
428 3718 557 3802 Hymni,
575 3729 611 3783 ut
626 3721 690 3784 suis
703 3721 779 3785 locis
796 3723 936 3806 ponitur.
