2754 4740
376 259 409 300 11<
424 259 575 303 numum
590 258 764 302 Bnnvmn.

94 374 276 439 Dominica
303 373 528 458 Sexagesimae,

192 493 209 528 ι)
303 467 596 554 Quinquagesimae,

189 588 204 620 n
307 563 323 624 Ι
338 560 609 648 Quadragesimae,

195 683 210 718 r
305 657 336 720 ΙΙ
440 683 471 717 n.

193 778 208 812 n
291 752 352 815 λΙΙΙ
437 775 452 810 »

194 873 209 906 a
304 845 350 913 W
435 871 450 904 »
653 843 863 924 &dmm

196 966 212 1000 r
308 939 482 1016 Passionis,

196 1059 213 1094 r>
307 1037 503 1116 Palmarum,

194 1153 209 1184 r
303 1130 433 1193 Paschae
459 1133 535 1214 (non
562 1137 636 1191 ante
659 1128 702 1192 22
727 1129 843 1208 Martii,
873 1149 977 1215 neque
1008 1139 1082 1214 post
1122 1171 1125 1176 ·

354 1224 397 1287 25
411 1222 543 1308 Aprilis)

306 1321 338 1382 in
353 1318 444 1383 Albis
459 1339 531 1404 quae
547 1328 595 1382 est
610 1320 624 1381 1
640 1331 712 1404 post
727 1319 863 1397 Pascha,

306 1415 336 1476 ll
672 1440 687 1474 r
780 1439 794 1474 r

303 1509 349 1571 Ill
668 1533 682 1567 r
778 1533 792 1566 »

669 1627 684 1663 r
780 1629 793 1662 »
885 1617 889 1626 '

666 1723 681 1757 D
776 1722 790 1756 D

198 1817 215 1850 »
310 1791 393 1856 infra
405 1792 558 1857 Octavam
570 1792 788 1869 Ascensionis‚

197 1913 211 1947 u
306 1889 523 1969 pentecostes,

201 2007 217 2042 ›>
312 1982 369 2045 SS.
386 1983 548 2046 Trinitatis
576 2003 647 2068 quae
666 1993 712 2046 est
727 1984 742 2044 Ι
760 1992 830 2067 post
845 1982 1055 2047 Pentecosten
1070 2005 1078 2060 ;

57 2089 89 2142 et
116 2078 168 2142 sic
198 2085 412 2139 numerantur
444 2076 551 2143 XXIV
580 2087 651 2161 post
685 2078 911 2142 Pentecosten.
941 2077 1085 2159 (Deinde

55 2173 214 2258 sequitur
229 2168 396 2233 Dominica
413 2172 427 2233 1
442 2167 626 2251 Adventus,
645 2191 662 2232 a
678 2191 741 2256 qua
768 2170 880 2255 incipit
913 2192 1015 2234 annus
1031 2193 1085 2234 ec·

56 2262 298 2348 clrsiasticus).
371 2263 375 2276 '

102 2387 233 2466 Quoest.
246 2385 299 2447 12.
317 2381 395 2461 Quoe
407 2395 450 2446 est
460 2385 623 2449 Dominica
637 2387 657 2446 I
664 2385 824 2448 Adventus
840 2387 902 2448 sive
913 2387 990 2448 anni
999 2384 1088 2448 eccle-

56 2477 212 2546 siastici?
1082 2505 1153 2599 ρ.

99 2590 146 2653 R.
167 2589 226 2651 Est
238 2586 291 2648 illa
307 2604 378 2669 quae
390 2595 438 2648 est
449 2585 625 2668 proximior
635 2586 728 2649 Festo
741 2586 775 2648 S.
791 2583 940 2665 Andreae,
951 2585 1004 2647 vel
1015 2604 1087 2670 quae

62 2682 197 2746 venerit
210 2680 243 2742 in
259 2678 327 2762 ipso
339 2677 407 2756 ejus
418 2679 522 2755 Festo,
536 2678 623 2766 quod
637 2681 819 2744 celebratur
829 2682 871 2744 50
883 2679 1086 2744 Novembris.

62 2775 242 2840 Dominica
258 2793 335 2856 ergo
351 2772 404 2836 illa
433 2775 521 2838 venit
542 2785 670 2860 'semper
685 2777 738 2840 vel
755 2777 808 2857 97,
824 2777 876 2853 28,
896 2776 950 2855 29,
967 2775 1009 2837 50
1027 2775 1088 2838 No·

62 2870 216 2936 vemhris
239 2869 290 2934 vel
310 2868 340 2944 l,
358 2869 389 2948 2,
410 2870 644 2934 5Decembris.

108 2983 238 3063 Quaest.
257 2980 310 3042 15.
327 2980 498 3044 Domr'nicae
509 2983 650 3066 quaedam
661 2993 810 3044 vocantur
822 2987 989 3062 vacantes3
1008 2999 1089 3064 quw·

63 3099 141 3140 nam
160 3073 239 3138 tales
254 3085 461 3156 essrpossrmt
476 3086 504 3137 et
518 3096 614 3159 quare
629 3078 674 3138 ita
690 3071 865 3139 vorantur?

107 3185 155 3248 R.
187 3181 340 3245 Vacantes
364 3180 515 3246 dicuntur
530 3183 592 3246 iuae
613 3182 801 3262 Dominicae,
820 3179 860 3243 de
876 3181 994 3267 quibus
1008 3180 1090 3243 nihii

62 3276 205 3341 omnino
231 3274 267 3338 fit
289 3275 321 3336 in
345 3274 456 3338 Officio
479 3276 636 3340 currentis
659 3275 736 3341 diei.
761 3277 830 3340 Hoc
853 3285 959 3338 autem
982 3275 1090 3336 locum

61 3372 194 3435 habere
207 3379 312 3454 potest
326 3369 454 3455 quando
469 3371 598 3435 Festum
614 3373 666 3436 vel
679 3370 748 3435 dies
763 3371 883 3438 Octava
897 3367 1089 3447 Nativitatis‚

65 3467 98 3528 S.
128 3463 306 3548 Stephani,
333 3466 366 3528 S.
393 3466 535 3547 Joannis,
561 3467 618 3530 SS.
644 3466 879 3541 Innocentium,
904 3460 1091 3546 Epiphaniae

64 3560 210 3644 ejusque
225 3558 346 3643 vigilia
362 3561 394 3623 in
418 3561 618 3625 Dominicam
635 3560 793 3625 incidunt.
808 3562 897 3624 Tunc
912 3557 999 3620 enim
1014 3554 1092 3640 quia

65 3654 100 3716 in
128 3651 247 3716 Officio
272 3655 437 3717 Festorum
455 3653 625 3739 ejusmodi,
643 3654 770 3719 dierum
794 3655 847 3720 vel
867 3650 994 3738 Vigiliae
1010 3648 1092 3711 nihil

66 3747 102 3811 fir
114 3746 160 3810 de
177 3747 345 3810 Dominica
360 3748 393 3811 in
409 3770 473 3835 qua
489 3761 672 3831 occurrunt,
693 3746 868 3835 nequidem
885 3745 1092 3810 Commemo-

66 3842 169 3924 ratio,
185 3839 258 3905 ideo
270 3843 437 3907 Dominica
450 3865 579 3908 eoanno
591 3864 717 3925 vacare,
731 3864 788 3906 seu
800 3839 967 3904 Dominica
978 3856 1092 3901 vacans

67 3935 206 4001 dicitur.
225 3936 295 4000 Non
316 3948 466 4002 vacantes
481 3937 633 4004 dicuntur
647 3940 720 4020 illae,
739 3959 810 4024 quae
827 3938 879 4002 vel
901 3945 1003 3999 totum
1019 3930 1092 3995 Offi-

68 4032 161 4094 cium
173 4031 356 4095 versarem
372 4033 725 4100 Commemorationem‘
738 4043 770 4096 et
784 4032 968 4096 Lectionem
985 4029 1092 4091 Evan-

71 4126 151 4212 gelii
166 4121 208 4188 de
221 4146 279 4188 suo
295 4125 407 4190 Officio
422 4129 554 4193 habent.
