<?xml version="1.0" encoding="UTF-8"?>
<!DOCTYPE html PUBLIC "-//W3C//DTD XHTML 1.0 Transitional//EN"
    "http://www.w3.org/TR/xhtml1/DTD/xhtml1-transitional.dtd">
<html xmlns="http://www.w3.org/1999/xhtml" xml:lang="en" lang="en">
 <head>
  <title>
</title>
<meta http-equiv="Content-Type" content="text/html;charset=utf-8" />
  <meta name='ocr-system' content='tesseract 3.04.00' />
  <meta name='ocr-capabilities' content='ocr_page ocr_carea ocr_par ocr_line ocrx_word'/>
</head>
<body>
  <div class='ocr_page' id='page_1' title='image "./quaestionesinru00churgoog_0275.png"; bbox 0 0 2806 4736; ppageno 0'>
   <div class='ocr_carea' id='block_1_1' title="bbox 751 231 941 282">
    <p class='ocr_par' dir='ltr' id='par_1_1' title="bbox 751 231 941 282">
     <span class='ocr_line' id='line_1_1' title="bbox 751 231 941 282; baseline -0.026 -6"><span class='ocrx_word' id='word_1_1' title='bbox 751 231 941 282; x_wconf 66' lang='lat' dir='ltr'><strong>Qumsrlouns</strong></span> 
     </span>
    </p>
   </div>
   <div class='ocr_carea' id='block_1_2' title="bbox 1002 381 1311 558">
    <p class='ocr_par' dir='ltr' id='par_1_2' title="bbox 1002 215 1379 558">
     <span class='ocr_line' id='line_1_2' title="bbox 1003 381 1246 470; baseline 0.003 -27"><span class='ocrx_word' id='word_1_2' title='bbox 1003 381 1097 445; x_wconf 88' lang='lat' dir='ltr'><strong>Festo</strong></span> <span class='ocrx_word' id='word_1_3' title='bbox 1115 385 1246 470; x_wconf 79' lang='lat' dir='ltr'><strong>Duplici,</strong></span> 
     </span>
     <span class='ocr_line' id='line_1_3' title="bbox 1002 469 1311 558; baseline 0.026 -28"><span class='ocrx_word' id='word_1_4' title='bbox 1002 469 1094 532; x_wconf 87' lang='lat' dir='ltr'><strong>Festo</strong></span> <span class='ocrx_word' id='word_1_5' title='bbox 1109 470 1311 558; x_wconf 74' lang='lat' dir='ltr'><strong>semiduplici,</strong></span> 
     </span>
    </p>
   </div>
   <div class='ocr_carea' id='block_1_3' title="bbox 423 556 1260 982">
    <p class='ocr_par' dir='ltr' id='par_1_3' title="bbox 423 556 1381 1030">
     <span class='ocr_line' id='line_1_4' title="bbox 588 556 1260 644; baseline -0.001 -23"><span class='ocrx_word' id='word_1_6' title='bbox 588 558 682 644; x_wconf 85' lang='lat' dir='ltr'><strong>juxta</strong></span> <span class='ocrx_word' id='word_1_7' title='bbox 703 559 851 624; x_wconf 82' lang='lat' dir='ltr'><strong>ordinem</strong></span> <span class='ocrx_word' id='word_1_8' title='bbox 872 558 975 623; x_wconf 89' lang='lat' dir='ltr'><strong>Officii</strong></span> <span class='ocrx_word' id='word_1_9' title='bbox 1002 556 1095 618; x_wconf 87' lang='lat' dir='ltr'><strong>Festo</strong></span> <span class='ocrx_word' id='word_1_10' title='bbox 1114 557 1260 643; x_wconf 86' lang='lat' dir='ltr'><strong>Simplici,</strong></span> 
     </span>
     <span class='ocr_line' id='line_1_5' title="bbox 768 641 1181 742; baseline -0.002 -34"><span class='ocrx_word' id='word_1_11' title='bbox 768 644 808 708; x_wconf 93' lang='lat' dir='ltr'><strong>dc</strong></span> <span class='ocrx_word' id='word_1_12' title='bbox 1001 641 1181 742; x_wconf 84' lang='lat' dir='ltr'><strong>Dominica,</strong></span> 
     </span>
     <span class='ocr_line' id='line_1_6' title="bbox 423 727 1104 828; baseline -0.004 -16"><span class='ocrx_word' id='word_1_13' title='bbox 423 747 516 812; x_wconf 85' lang='lat' dir='ltr'><strong>Missa</strong></span> <span class='ocrx_word' id='word_1_14' title='bbox 1000 727 1104 828; x_wconf 50' lang='lat' dir='ltr'><strong>Ffflfly</strong></span> 
     </span>
     <span class='ocr_line' id='line_1_7' title="bbox 1000 815 1131 900; baseline -0.015 -21"><span class='ocrx_word' id='word_1_15' title='bbox 1000 815 1131 900; x_wconf 80' lang='lat' dir='ltr'><strong>Vrgrna,</strong></span> 
     </span>
     <span class='ocr_line' id='line_1_8' title="bbox 999 899 1138 982; baseline 0.005 -20"><span class='ocrx_word' id='word_1_16' title='bbox 999 899 1138 982; x_wconf 81' lang='lat' dir='ltr'><strong>Oetaua3</strong></span> 
     </span>
    </p>
   </div>
   <div class='ocr_carea' id='block_1_4' title="bbox 383 834 807 934">
    <p class='ocr_par' dir='ltr' id='par_1_4' title="bbox 383 834 807 934">
     <span class='ocr_line' id='line_1_9' title="bbox 383 834 807 934; baseline -0.019 -33"><span class='ocrx_word' id='word_1_17' title='bbox 383 834 566 901; x_wconf 85' lang='lat' dir='ltr'><strong>celebratur</strong></span> <span class='ocrx_word' id='word_1_18' title='bbox 757 869 807 934; x_wconf 58' lang='lat' dir='ltr'><strong>vel</strong></span> 
     </span>
    </p>
   </div>
   <div class='ocr_carea' id='block_1_5' title="bbox 593 1096 1126 1194">
    <p class='ocr_par' dir='ltr' id='par_1_5' title="bbox 593 1096 1382 1368">
     <span class='ocr_line' id='line_1_10' title="bbox 593 1096 1126 1194; baseline -0.029 -1"><span class='ocrx_word' id='word_1_19' title='bbox 593 1140 682 1194; x_wconf 84' lang='lat' dir='ltr'><strong>extra</strong></span> <span class='ocrx_word' id='word_1_20' title='bbox 699 1126 846 1192; x_wconf 86' lang='lat' dir='ltr'><strong>ordinem</strong></span> <span class='ocrx_word' id='word_1_21' title='bbox 870 1128 971 1192; x_wconf 88' lang='lat' dir='ltr'><strong>Officii</strong></span> <span class='ocrx_word' id='word_1_22' title='bbox 999 1096 1126 1178; x_wconf 67' lang='lat' dir='ltr'><strong>V⁰²ll³r</strong></span> 
     </span>
    </p>
   </div>
   <div class='ocr_carea' id='block_1_6' title="bbox 998 1179 1223 1269">
    <p class='ocr_par' dir='ltr' id='par_1_6' title="bbox 998 1179 1223 1269">
     <span class='ocr_line' id='line_1_11' title="bbox 998 1179 1223 1269; baseline 0.013 -27"><span class='ocrx_word' id='word_1_23' title='bbox 998 1179 1039 1244; x_wconf 89' lang='lat' dir='ltr'><strong>de</strong></span> <span class='ocrx_word' id='word_1_24' title='bbox 1055 1184 1223 1269; x_wconf 90' lang='lat' dir='ltr'><strong>Requiem.</strong></span> 
     </span>
    </p>
   </div>
   <div class='ocr_carea' id='block_1_7' title="bbox 334 1363 1386 3058">
    <p class='ocr_par' dir='ltr' id='par_1_7' title="bbox 334 1363 1334 1552">
     <span class='ocr_line' id='line_1_12' title="bbox 376 1363 1334 1454; baseline -0.008 -18"><span class='ocrx_word' id='word_1_25' title='bbox 376 1374 495 1454; x_wconf 81' lang='lat' dir='ltr'><strong>Quaest.</strong></span> <span class='ocrx_word' id='word_1_26' title='bbox 524 1368 603 1433; x_wconf 83' lang='lat' dir='ltr'><strong>tul.</strong></span> <span class='ocrx_word' id='word_1_27' title='bbox 636 1366 690 1428; x_wconf 77' lang='lat' dir='ltr'><strong>An</strong></span> <span class='ocrx_word' id='word_1_28' title='bbox 707 1375 734 1426; x_wconf 88' lang='lat' dir='ltr'><strong>et</strong></span> <span class='ocrx_word' id='word_1_29' title='bbox 757 1383 852 1448; x_wconf 76' lang='lat' dir='ltr'><strong>perere</strong></span> <span class='ocrx_word' id='word_1_30' title='bbox 878 1363 974 1426; x_wconf 79' lang='lat' dir='ltr'><strong>Misso</strong></span> <span class='ocrx_word' id='word_1_31' title='bbox 999 1364 1157 1430; x_wconf 80' lang='lat' dir='ltr'><strong>ordinario</strong></span> <span class='ocrx_word' id='word_1_32' title='bbox 1183 1367 1259 1431; x_wconf 83' lang='lat' dir='ltr'><strong>delet</strong></span> <span class='ocrx_word' id='word_1_33' title='bbox 1285 1387 1334 1430; x_wconf 81' lang='lat' dir='ltr'><strong>osse</strong></span> 
     </span>
     <span class='ocr_line' id='line_1_13' title="bbox 334 1458 716 1552; baseline -0.018 -23"><span class='ocrx_word' id='word_1_34' title='bbox 334 1467 500 1552; x_wconf 70' lang='lat' dir='ltr'><strong>conformis</strong></span> <span class='ocrx_word' id='word_1_35' title='bbox 515 1458 656 1550; x_wconf 81' lang='lat' dir='ltr'><strong>Officio?</strong></span> <span class='ocrx_word' id='word_1_36' title='bbox 709 1493 716 1507; x_wconf 92' lang='lat'><strong>·</strong></span> 
     </span>
    </p>

    <p class='ocr_par' dir='ltr' id='par_1_8' title="bbox 335 1550 1386 2678">
     <span class='ocr_line' id='line_1_14' title="bbox 377 1550 1333 1636; baseline -0.006 -12"><span class='ocrx_word' id='word_1_37' title='bbox 377 1562 419 1624; x_wconf 87' lang='lat' dir='ltr'><strong>R.</strong></span> <span class='ocrx_word' id='word_1_38' title='bbox 445 1557 656 1622; x_wconf 79' lang='lat' dir='ltr'><strong>Affirmatire.</strong></span> <span class='ocrx_word' id='word_1_39' title='bbox 687 1552 782 1617; x_wconf 86' lang='lat' dir='ltr'><strong>Ratio</strong></span> <span class='ocrx_word' id='word_1_40' title='bbox 807 1550 906 1636; x_wconf 88' lang='lat' dir='ltr'><strong>hujus</strong></span> <span class='ocrx_word' id='word_1_41' title='bbox 924 1553 1157 1618; x_wconf 87' lang='lat' dir='ltr'><strong>conformitatis</strong></span> <span class='ocrx_word' id='word_1_42' title='bbox 1181 1577 1244 1619; x_wconf 83' lang='lat' dir='ltr'><strong>esse</strong></span> <span class='ocrx_word' id='word_1_43' title='bbox 1259 1555 1333 1621; x_wconf 86' lang='lat' dir='ltr'><strong>vidc-</strong></span> 
     </span>
     <span class='ocr_line' id='line_1_15' title="bbox 335 1647 1333 1734; baseline -0.006 -16"><span class='ocrx_word' id='word_1_44' title='bbox 335 1665 398 1734; x_wconf 84' lang='lat' dir='ltr'><strong>tur,</strong></span> <span class='ocrx_word' id='word_1_45' title='bbox 413 1664 447 1717; x_wconf 88' lang='lat' dir='ltr'><strong>nl</strong></span> <span class='ocrx_word' id='word_1_46' title='bbox 471 1652 548 1718; x_wconf 89' lang='lat' dir='ltr'><strong>dicit</strong></span> <span class='ocrx_word' id='word_1_47' title='bbox 574 1651 749 1725; x_wconf 78' lang='lat' dir='ltr'><strong>Garantus,</strong></span> <span class='ocrx_word' id='word_1_48' title='bbox 769 1647 803 1710; x_wconf 74' lang='grc' dir='ltr'><strong>Ιο</strong></span> <span class='ocrx_word' id='word_1_49' title='bbox 820 1647 895 1731; x_wconf 89' lang='lat' dir='ltr'><strong>quia</strong></span> <span class='ocrx_word' id='word_1_50' title='bbox 919 1647 959 1711; x_wconf 87' lang='lat' dir='ltr'><strong>ab</strong></span> <span class='ocrx_word' id='word_1_51' title='bbox 989 1648 1129 1713; x_wconf 79' lang='lat' dir='ltr'><strong>Ecclesia</strong></span> <span class='ocrx_word' id='word_1_52' title='bbox 1157 1649 1333 1714; x_wconf 86' lang='lat' dir='ltr'><strong>destinantur</strong></span> 
     </span>
     <span class='ocr_line' id='line_1_16' title="bbox 335 1743 1332 1837; baseline -0.006 -24"><span class='ocrx_word' id='word_1_53' title='bbox 335 1750 452 1837; x_wconf 80' lang='lat' dir='ltr'><strong>singuli</strong></span> <span class='ocrx_word' id='word_1_54' title='bbox 469 1748 538 1812; x_wconf 86' lang='lat' dir='ltr'><strong>dies</strong></span> <span class='ocrx_word' id='word_1_55' title='bbox 563 1749 614 1812; x_wconf 89' lang='lat' dir='ltr'><strong>vel</strong></span> <span class='ocrx_word' id='word_1_56' title='bbox 639 1745 671 1807; x_wconf 93' lang='lat' dir='ltr'><strong>in</strong></span> <span class='ocrx_word' id='word_1_57' title='bbox 689 1745 811 1807; x_wconf 88' lang='lat' dir='ltr'><strong>cultum</strong></span> <span class='ocrx_word' id='word_1_58' title='bbox 839 1751 871 1804; x_wconf 91' lang='lat' dir='ltr'><strong>ct</strong></span> <span class='ocrx_word' id='word_1_59' title='bbox 894 1743 1051 1806; x_wconf 82' lang='lat' dir='ltr'><strong>honorem</strong></span> <span class='ocrx_word' id='word_1_60' title='bbox 1076 1745 1212 1832; x_wconf 89' lang='lat' dir='ltr'><strong>alicujus</strong></span> <span class='ocrx_word' id='word_1_61' title='bbox 1233 1745 1332 1824; x_wconf 84' lang='lat' dir='ltr'><strong>Sancti,</strong></span> 
     </span>
     <span class='ocr_line' id='line_1_17' title="bbox 339 1834 1334 1924; baseline -0.009 -16"><span class='ocrx_word' id='word_1_62' title='bbox 339 1847 391 1909; x_wconf 86' lang='lat' dir='ltr'><strong>vel</strong></span> <span class='ocrx_word' id='word_1_63' title='bbox 415 1846 447 1908; x_wconf 93' lang='lat' dir='ltr'><strong>in</strong></span> <span class='ocrx_word' id='word_1_64' title='bbox 475 1842 663 1907; x_wconf 85' lang='lat' dir='ltr'><strong>memoriam</strong></span> <span class='ocrx_word' id='word_1_65' title='bbox 684 1834 820 1921; x_wconf 89' lang='lat' dir='ltr'><strong>alicujus</strong></span> <span class='ocrx_word' id='word_1_66' title='bbox 845 1838 987 1923; x_wconf 83' lang='lat' dir='ltr'><strong>mysterii</strong></span> <span class='ocrx_word' id='word_1_67' title='bbox 1002 1841 1054 1903; x_wconf 83' lang='lat' dir='ltr'><strong>vel</strong></span> <span class='ocrx_word' id='word_1_68' title='bbox 1071 1841 1178 1924; x_wconf 88' lang='lat' dir='ltr'><strong>operis</strong></span> <span class='ocrx_word' id='word_1_69' title='bbox 1193 1840 1295 1916; x_wconf 89' lang='lat' dir='ltr'><strong>divini,</strong></span> <span class='ocrx_word' id='word_1_70' title='bbox 1309 1849 1334 1900; x_wconf 89' lang='lat' dir='ltr'><strong>et</strong></span> 
     </span>
     <span class='ocr_line' id='line_1_18' title="bbox 339 1930 1384 2026; baseline -0.009 -24"><span class='ocrx_word' id='word_1_71' title='bbox 339 1949 575 2026; x_wconf 83' lang='lat' dir='ltr'><strong>consequenter</strong></span> <span class='ocrx_word' id='word_1_72' title='bbox 606 1937 673 2020; x_wconf 86' lang='lat' dir='ltr'><strong>ipsa</strong></span> <span class='ocrx_word' id='word_1_73' title='bbox 700 1931 841 1996; x_wconf 80' lang='lat' dir='ltr'><strong>Ecclesia</strong></span> <span class='ocrx_word' id='word_1_74' title='bbox 866 1930 991 1995; x_wconf 83' lang='lat' dir='ltr'><strong>ordinat</strong></span> <span class='ocrx_word' id='word_1_75' title='bbox 1023 1933 1055 1995; x_wconf 90' lang='lat' dir='ltr'><strong>in</strong></span> <span class='ocrx_word' id='word_1_76' title='bbox 1083 1934 1231 1999; x_wconf 89' lang='lat' dir='ltr'><strong>eumdem</strong></span> <span class='ocrx_word' id='word_1_77' title='bbox 1255 1935 1333 1998; x_wconf 89' lang='lat' dir='ltr'><strong>linem</strong></span> <span class='ocrx_word' id='word_1_78' title='bbox 1383 1985 1384 1988; x_wconf 65' lang='grc'>,</span> 
     </span>
     <span class='ocr_line' id='line_1_19' title="bbox 338 2024 1333 2114; baseline -0.006 -19"><span class='ocrx_word' id='word_1_79' title='bbox 338 2026 449 2095; x_wconf 84' lang='lat' dir='ltr'><strong>omnes</strong></span> <span class='ocrx_word' id='word_1_80' title='bbox 474 2053 579 2095; x_wconf 86' lang='lat' dir='ltr'><strong>sacras</strong></span> <span class='ocrx_word' id='word_1_81' title='bbox 606 2027 790 2092; x_wconf 85' lang='lat' dir='ltr'><strong>functiones</strong></span> <span class='ocrx_word' id='word_1_82' title='bbox 809 2025 982 2110; x_wconf 88' lang='lat' dir='ltr'><strong>cujuslibet</strong></span> <span class='ocrx_word' id='word_1_83' title='bbox 1012 2024 1089 2104; x_wconf 89' lang='lat' dir='ltr'><strong>dici,</strong></span> <span class='ocrx_word' id='word_1_84' title='bbox 1108 2031 1218 2114; x_wconf 90' lang='lat' dir='ltr'><strong>quales</strong></span> <span class='ocrx_word' id='word_1_85' title='bbox 1241 2028 1333 2114; x_wconf 87' lang='lat' dir='ltr'><strong>praeei·</strong></span> 
     </span>
     <span class='ocr_line' id='line_1_20' title="bbox 337 2120 1333 2208; baseline -0.003 -22"><span class='ocrx_word' id='word_1_86' title='bbox 337 2145 399 2208; x_wconf 88' lang='lat' dir='ltr'><strong>puc</strong></span> <span class='ocrx_word' id='word_1_87' title='bbox 427 2135 499 2189; x_wconf 84' lang='lat' dir='ltr'><strong>sunt</strong></span> <span class='ocrx_word' id='word_1_88' title='bbox 522 2124 669 2187; x_wconf 87' lang='lat' dir='ltr'><strong>Officium</strong></span> <span class='ocrx_word' id='word_1_89' title='bbox 698 2120 886 2184; x_wconf 90' lang='lat' dir='ltr'><strong>canonicum</strong></span> <span class='ocrx_word' id='word_1_90' title='bbox 904 2131 936 2183; x_wconf 88' lang='lat' dir='ltr'><strong>el</strong></span> <span class='ocrx_word' id='word_1_91' title='bbox 951 2121 1063 2202; x_wconf 87' lang='lat' dir='ltr'><strong>Missa;</strong></span> <span class='ocrx_word' id='word_1_92' title='bbox 1089 2123 1134 2186; x_wconf 91' lang='lat' dir='ltr'><strong>sio</strong></span> <span class='ocrx_word' id='word_1_93' title='bbox 1164 2125 1246 2187; x_wconf 88' lang='lat' dir='ltr'><strong>onim</strong></span> <span class='ocrx_word' id='word_1_94' title='bbox 1267 2125 1333 2186; x_wconf 88' lang='lat' dir='ltr'><strong>inle-</strong></span> 
     </span>
     <span class='ocr_line' id='line_1_21' title="bbox 338 2213 1333 2303; baseline -0.004 -23"><span class='ocrx_word' id='word_1_95' title='bbox 338 2237 431 2303; x_wconf 85' lang='lat' dir='ltr'><strong>grum</strong></span> <span class='ocrx_word' id='word_1_96' title='bbox 469 2220 590 2281; x_wconf 91' lang='lat' dir='ltr'><strong>cultum</strong></span> <span class='ocrx_word' id='word_1_97' title='bbox 618 2227 650 2280; x_wconf 91' lang='lat' dir='ltr'><strong>et</strong></span> <span class='ocrx_word' id='word_1_98' title='bbox 687 2237 750 2278; x_wconf 80' lang='lat' dir='ltr'><strong>rron</strong></span> <span class='ocrx_word' id='word_1_99' title='bbox 778 2213 982 2277; x_wconf 90' lang='lat' dir='ltr'><strong>dimidiatum</strong></span> <span class='ocrx_word' id='word_1_100' title='bbox 1018 2217 1152 2280; x_wconf 86' lang='lat' dir='ltr'><strong>exhibet</strong></span> <span class='ocrx_word' id='word_1_101' title='bbox 1184 2220 1252 2300; x_wconf 88' lang='lat' dir='ltr'><strong>illis,</strong></span> <span class='ocrx_word' id='word_1_102' title='bbox 1269 2236 1333 2302; x_wconf 86' lang='lat' dir='ltr'><strong>quos</strong></span> 
     </span>
     <span class='ocr_line' id='line_1_22' title="bbox 338 2309 1334 2398; baseline -0.003 -25"><span class='ocrx_word' id='word_1_103' title='bbox 338 2310 475 2376; x_wconf 79' lang='lat' dir='ltr'><strong>intendit</strong></span> <span class='ocrx_word' id='word_1_104' title='bbox 505 2315 622 2376; x_wconf 86' lang='lat' dir='ltr'><strong>colere.</strong></span> <span class='ocrx_word' id='word_1_105' title='bbox 653 2313 698 2374; x_wconf 67' lang='lat'><strong>2⁰.</strong></span> <span class='ocrx_word' id='word_1_106' title='bbox 731 2310 813 2391; x_wconf 82' lang='lat' dir='ltr'><strong>Quia</strong></span> <span class='ocrx_word' id='word_1_107' title='bbox 841 2309 988 2372; x_wconf 88' lang='lat' dir='ltr'><strong>Officium</strong></span> <span class='ocrx_word' id='word_1_108' title='bbox 1026 2322 1073 2374; x_wconf 90' lang='lat' dir='ltr'><strong>cst</strong></span> <span class='ocrx_word' id='word_1_109' title='bbox 1107 2313 1285 2398; x_wconf 78' lang='lat' dir='ltr'><strong>praeparatio</strong></span> <span class='ocrx_word' id='word_1_110' title='bbox 1309 2318 1334 2370; x_wconf 92' lang='lat' dir='ltr'><strong>el</strong></span> 
     </span>
     <span class='ocr_line' id='line_1_23' title="bbox 337 2401 1333 2490; baseline -0.003 -24"><span class='ocrx_word' id='word_1_111' title='bbox 337 2403 503 2490; x_wconf 87' lang='lat' dir='ltr'><strong>dispositio</strong></span> <span class='ocrx_word' id='word_1_112' title='bbox 540 2406 580 2469; x_wconf 88' lang='lat' dir='ltr'><strong>ad</strong></span> <span class='ocrx_word' id='word_1_113' title='bbox 619 2405 745 2467; x_wconf 83' lang='lat' dir='ltr'><strong>Missam</strong></span> <span class='ocrx_word' id='word_1_114' title='bbox 761 2427 774 2488; x_wconf 83' lang='lat'><strong>3·</strong></span> <span class='ocrx_word' id='word_1_115' title='bbox 809 2401 975 2488; x_wconf 90' lang='lat' dir='ltr'><strong>dispositio</strong></span> <span class='ocrx_word' id='word_1_116' title='bbox 1011 2415 1119 2468; x_wconf 89' lang='lat' dir='ltr'><strong>autem</strong></span> <span class='ocrx_word' id='word_1_117' title='bbox 1159 2405 1254 2470; x_wconf 90' lang='lat' dir='ltr'><strong>debet</strong></span> <span class='ocrx_word' id='word_1_118' title='bbox 1278 2423 1333 2466; x_wconf 90' lang='lat' dir='ltr'><strong>esse</strong></span> 
     </span>
     <span class='ocr_line' id='line_1_24' title="bbox 338 2498 1334 2586; baseline -0.003 -25"><span class='ocrx_word' id='word_1_119' title='bbox 338 2501 581 2584; x_wconf 86' lang='lat' dir='ltr'><strong>proportionata</strong></span> <span class='ocrx_word' id='word_1_120' title='bbox 607 2498 727 2562; x_wconf 84' lang='lat' dir='ltr'><strong>ultimae</strong></span> <span class='ocrx_word' id='word_1_121' title='bbox 759 2509 791 2562; x_wconf 92' lang='lat' dir='ltr'><strong>ct</strong></span> <span class='ocrx_word' id='word_1_122' title='bbox 830 2499 1011 2561; x_wconf 88' lang='lat' dir='ltr'><strong>sublimiori</strong></span> <span class='ocrx_word' id='word_1_123' title='bbox 1043 2500 1156 2564; x_wconf 87' lang='lat' dir='ltr'><strong>iormae</strong></span> <span class='ocrx_word' id='word_1_124' title='bbox 1186 2500 1225 2564; x_wconf 92' lang='lat' dir='ltr'><strong>ad</strong></span> <span class='ocrx_word' id='word_1_125' title='bbox 1253 2517 1334 2586; x_wconf 85' lang='lat' dir='ltr'><strong>quam</strong></span> 
     </span>
     <span class='ocr_line' id='line_1_25' title="bbox 338 2590 1386 2678; baseline 0.003 -24"><span class='ocrx_word' id='word_1_126' title='bbox 338 2590 491 2678; x_wconf 88' lang='lat' dir='ltr'><strong>disponit.</strong></span> <span class='ocrx_word' id='word_1_127' title='bbox 622 2652 630 2667; x_wconf 30' lang='lat' dir='ltr'>x</span> <span class='ocrx_word' id='word_1_128' title='bbox 861 2645 865 2651; x_wconf 82' lang='grc'>.</span> <span class='ocrx_word' id='word_1_129' title='bbox 1385 2609 1386 2618; x_wconf 56' lang='lat'>³</span> 
     </span>
    </p>

    <p class='ocr_par' dir='ltr' id='par_1_9' title="bbox 381 2685 1297 2776">
     <span class='ocr_line' id='line_1_26' title="bbox 381 2685 1297 2776; baseline -0.002 -26"><span class='ocrx_word' id='word_1_130' title='bbox 381 2688 501 2768; x_wconf 82' lang='lat' dir='ltr'><strong>Quaest.</strong></span> <span class='ocrx_word' id='word_1_131' title='bbox 520 2687 595 2753; x_wconf 81' lang='lat'><strong>105.</strong></span> <span class='ocrx_word' id='word_1_132' title='bbox 614 2687 819 2766; x_wconf 86' lang='lat' dir='ltr'><strong>Quondonnm</strong></span> <span class='ocrx_word' id='word_1_133' title='bbox 836 2690 933 2752; x_wconf 82' lang='lat' dir='ltr'><strong>Missa</strong></span> <span class='ocrx_word' id='word_1_134' title='bbox 949 2687 1102 2751; x_wconf 80' lang='lat' dir='ltr'><strong>discordet</strong></span> <span class='ocrx_word' id='word_1_135' title='bbox 1119 2689 1156 2750; x_wconf 85' lang='lat' dir='ltr'><strong>ob</strong></span> <span class='ocrx_word' id='word_1_136' title='bbox 1170 2685 1297 2776; x_wconf 78' lang='lat' dir='ltr'><strong>Officio?</strong></span> 
     </span>
    </p>

    <p class='ocr_par' dir='ltr' id='par_1_10' title="bbox 336 2782 1337 3058">
     <span class='ocr_line' id='line_1_27' title="bbox 381 2782 1332 2863; baseline -0.004 -17"><span class='ocrx_word' id='word_1_137' title='bbox 381 2784 423 2846; x_wconf 89' lang='lat' dir='ltr'><strong>R.</strong></span> <span class='ocrx_word' id='word_1_138' title='bbox 441 2784 559 2848; x_wconf 82' lang='lat' dir='ltr'><strong>Praeter</strong></span> <span class='ocrx_word' id='word_1_139' title='bbox 578 2803 668 2846; x_wconf 91' lang='lat' dir='ltr'><strong>casus</strong></span> <span class='ocrx_word' id='word_1_140' title='bbox 688 2793 891 2846; x_wconf 84' lang='lat' dir='ltr'><strong>enumeratos</strong></span> <span class='ocrx_word' id='word_1_141' title='bbox 908 2784 941 2846; x_wconf 91' lang='lat' dir='ltr'><strong>in</strong></span> <span class='ocrx_word' id='word_1_142' title='bbox 961 2782 1114 2863; x_wconf 84' lang='lat' dir='ltr'><strong>Robrica,</strong></span> <span class='ocrx_word' id='word_1_143' title='bbox 1134 2784 1194 2846; x_wconf 89' lang='lat' dir='ltr'><strong>Tit.</strong></span> <span class='ocrx_word' id='word_1_144' title='bbox 1209 2785 1260 2862; x_wconf 86' lang='lat' dir='ltr'><strong>Ill,</strong></span> <span class='ocrx_word' id='word_1_145' title='bbox 1274 2783 1332 2844; x_wconf 72' lang='lat' dir='ltr'><strong>nl</strong></span> 
     </span>
     <span class='ocr_line' id='line_1_28' title="bbox 338 2876 1332 2964; baseline -0.002 -26"><span class='ocrx_word' id='word_1_146' title='bbox 338 2887 370 2940; x_wconf 86' lang='lat' dir='ltr'><strong>et</strong></span> <span class='ocrx_word' id='word_1_147' title='bbox 386 2877 418 2956; x_wconf 79' lang='lat' dir='ltr'><strong>l,</strong></span> <span class='ocrx_word' id='word_1_148' title='bbox 432 2879 666 2964; x_wconf 88' lang='lat' dir='ltr'><strong>frequentiores</strong></span> <span class='ocrx_word' id='word_1_149' title='bbox 682 2889 755 2941; x_wconf 86' lang='lat' dir='ltr'><strong>sunt</strong></span> <span class='ocrx_word' id='word_1_150' title='bbox 771 2877 902 2964; x_wconf 91' lang='lat' dir='ltr'><strong>quando</strong></span> <span class='ocrx_word' id='word_1_151' title='bbox 919 2877 1127 2942; x_wconf 88' lang='lat' dir='ltr'><strong>celebrantur</strong></span> <span class='ocrx_word' id='word_1_152' title='bbox 1144 2879 1241 2942; x_wconf 89' lang='lat' dir='ltr'><strong>Missae</strong></span> <span class='ocrx_word' id='word_1_153' title='bbox 1255 2876 1332 2943; x_wconf 86' lang='lat' dir='ltr'><strong>Voti·</strong></span> 
     </span>
     <span class='ocr_line' id='line_1_29' title="bbox 336 2970 1337 3058; baseline -0.004 -24"><span class='ocrx_word' id='word_1_154' title='bbox 336 2989 385 3034; x_wconf 84' lang='lat' dir='ltr'><strong>vae</strong></span> <span class='ocrx_word' id='word_1_155' title='bbox 400 2973 450 3033; x_wconf 86' lang='lat' dir='ltr'><strong>vel</strong></span> <span class='ocrx_word' id='word_1_156' title='bbox 468 2973 568 3035; x_wconf 84' lang='lat' dir='ltr'><strong>lllissae</strong></span> <span class='ocrx_word' id='word_1_157' title='bbox 594 2970 634 3034; x_wconf 92' lang='lat' dir='ltr'><strong>dc</strong></span> <span class='ocrx_word' id='word_1_158' title='bbox 652 2975 809 3058; x_wconf 72' lang='lat' dir='ltr'><strong>Reperiam,</strong></span> <span class='ocrx_word' id='word_1_159' title='bbox 834 2995 889 3035; x_wconf 92' lang='lat' dir='ltr'><strong>seu</strong></span> <span class='ocrx_word' id='word_1_160' title='bbox 907 2995 963 3054; x_wconf 90' lang='lat' dir='ltr'><strong>pro</strong></span> <span class='ocrx_word' id='word_1_161' title='bbox 979 2973 1159 3054; x_wconf 85' lang='lat' dir='ltr'><strong>Defunotis,</strong></span> <span class='ocrx_word' id='word_1_162' title='bbox 1177 2971 1337 3057; x_wconf 87' lang='lat' dir='ltr'><strong>dequibus</strong></span> 
     </span>
    </p>
   </div>
   <div class='ocr_carea' id='block_1_8' title="bbox 337 3065 984 3148">
    <p class='ocr_par' dir='ltr' id='par_1_11' title="bbox 337 3065 984 3148">
     <span class='ocr_line' id='line_1_30' title="bbox 337 3065 984 3148; baseline 0.011 -24"><span class='ocrx_word' id='word_1_163' title='bbox 337 3073 437 3148; x_wconf 82' lang='lat' dir='ltr'><strong>agunt</strong></span> <span class='ocrx_word' id='word_1_164' title='bbox 449 3065 510 3127; x_wconf 89' lang='lat' dir='ltr'><strong>Tit.</strong></span> <span class='ocrx_word' id='word_1_165' title='bbox 530 3067 586 3148; x_wconf 89' lang='lat' dir='ltr'><strong>IV,</strong></span> <span class='ocrx_word' id='word_1_166' title='bbox 602 3068 631 3134; x_wconf 86' lang='lat' dir='ltr'>V</span> <span class='ocrx_word' id='word_1_167' title='bbox 646 3078 678 3131; x_wconf 89' lang='lat' dir='ltr'><strong>ot</strong></span> <span class='ocrx_word' id='word_1_168' title='bbox 693 3067 722 3132; x_wconf 80' lang='lat' dir='ltr'>V</span> <span class='ocrx_word' id='word_1_169' title='bbox 725 3069 739 3130; x_wconf 95' lang='grc' dir='ltr'>Ι</span> <span class='ocrx_word' id='word_1_170' title='bbox 755 3067 984 3131; x_wconf 89' lang='lat' dir='ltr'><strong>Rubricarum.</strong></span> 
     </span>
    </p>
   </div>
   <div class='ocr_carea' id='block_1_9' title="bbox 0 0 1409 4736">
    <p class='ocr_par' dir='ltr' id='par_1_12' title="bbox 0 0 1409 4736">
     <span class='ocr_line' id='line_1_31' title="bbox 0 0 1409 4736; baseline 0 0"><span class='ocrx_word' id='word_1_171' title='bbox 0 0 1409 4736; x_wconf 95' lang='lat' dir='ltr'><strong> </strong></span> 
     </span>
    </p>
   </div>
  </div>
 </body>
</html>
