2806 4736
384 205 416 244 tn
439 202 589 245 nusnlcns
613 201 755 244 tussam.

251 385 383 480 cirus
405 417 448 479 11.
476 415 530 478 nn
555 412 688 476 nrssrs
715 410 894 478 vorrvrs.
969 499 974 510 Δ

180 655 209 745 t.
233 654 269 723 t.
288 651 567 745 Dedefinitione
581 657 615 722 et
640 649 758 722 vertis
771 647 964 741 perscribas

454 754 494 828 V
490 754 689 829 eticorum.

485 999 559 1086 (m.
578 1000 648 1084 ιν).

110 1249 207 1313 Missae
234 1266 305 1330 quae
331 1264 395 1306 non
422 1241 618 1306 concordant
640 1263 714 1305 curn
737 1241 847 1306 Officio
869 1253 942 1306 sunt
961 1243 1080 1308 Votiuoe

76 1344 120 1406 rel
134 1339 173 1403 de
188 1341 347 1424 Re‘qen'em.

113 1437 230 1517 Quaest.
250 1435 325 1497 106.
355 1434 440 1514 Quid
456 1445 499 1497 est
510 1433 606 1515 Misso
623 1430 657 1493 V
656 1434 737 1514 otios
753 1429 772 1493 ?

112 1532 151 1594 R.
183 1528 278 1592 Missa
293 1529 408 1595 Votiva
434 1528 542 1592 stricte
563 1535 689 1609 sumpta
722 1547 759 1589 ca
784 1527 850 1590 sola
867 1524 1004 1592 dicenda
1020 1542 1077 1613 est,

77 1646 139 1712 quae
161 1646 226 1688 non
258 1625 408 1688 convenit
438 1644 512 1687 cum
532 1619 644 1684 Officio
675 1619 760 1704 diei5
791 1642 851 1685 nec
877 1621 918 1686 ab
940 1623 1080 1688 Ecclesia

77 1719 284 1804 praescribitur
298 1715 503 1790 celebranda,
517 1714 573 1778 sed
582 1713 676 1800 juxta
688 1724 799 1778 votum
810 1736 867 1778 seu
880 1718 1078 1782 voluntatem

77 1815 194 1877 Missam
205 1811 397 1877 celebrantis
413 1814 465 1877 vel
478 1810 614 1896 petentis
626 1806 756 1890 dicitur,
768 1820 847 1895 puta
862 1809 903 1874 do
914 1812 1078 1892 Trinitatc,

77 1907 112 1973 de
134 1909 255 1995 Spiritu
282 1908 410 1990 Sancto,
428 1905 469 1970 dc
494 1905 627 1992 Angelis
654 1914 716 1968 cto.
734 1905 811 1969 Late
826 1916 967 1990 accepta,
987 1907 1081 1970 Missa

77 1996 184 2069 Votlva
196 2011 328 2068 vocatur
343 2001 408 2085 illa,
419 2022 501 2088 quaa,
514 2001 589 2064 licet
600 2020 664 2062 non
675 1997 781 2062 fiatad
795 1999 964 2063 arbitrium
980 2022 1081 2065 sacer-

78 2088 164 2175 dotis,
189 2105 221 2160 et
237 2115 301 2157 nen
323 2092 496 2158 concordet
511 2114 583 2156 cum
599 2091 724 2174 Officio,
741 2092 960 2176 proscribitur
974 2103 1081 2157 tamen

78 2188 206 2256 dicenda
221 2189 277 2254 tali
293 2186 346 2251 die
362 2188 404 2253 ab
422 2187 584 2266 ¹Ecclesia,
603 2207 668 2249 non
690 2187 815 2250 rationo
830 2187 915 2251 Festi
932 2189 1079 2275 alicujus,

78 2284 127 2349 scd
142 2307 180 2348 ex
192 2293 280 2362 voto,
298 2304 354 2346 seu
370 2281 541 2349 devotione
565 2282 731 2366 ipsiusmet
754 2284 922 2348 Ecclesiae:
938 2284 1009 2348 talis
1037 2294 1083 2348 est

15 2465 16 2468 Ἴ
78 2381 162 2445 Missa
172 2381 210 2453 B,
228 2379 336 2442 Mariae
354 2376 490 2442 dicenda
520 2379 554 2440 in
570 2376 718 2440 Sabbatis
741 2375 908 2442 Adventus
930 2378 1005 2464 (Tit.
1023 2380 1079 2458 IV,

78 2497 107 2538 n.
120 2473 152 2559 2)
163 2473 285 2538 etiamsi
297 2493 361 2535 non
372 2469 497 2536 dicatur
510 2464 657 2534 Officium
671 2468 712 2532 do
722 2471 762 2534 Β.
776 2469 877 2534 Maria
888 2469 944 2534 sed
956 2471 1081 2536 feriale.

78 2570 147 2634 Hac
158 2569 251 2632 Missa
268 2587 331 2630 non
344 2562 462 2629 dicitur
475 2566 583 2629 stricte
606 2563 722 2630 Votiva
738 2564 815 2650 quia
831 2585 896 2628 non
920 2561 1084 2648 dependet

79 2675 178 2730 aveto
196 2673 229 2726 et
248 2660 377 2726 delectu
392 2659 584 2742 sacerdotis;
608 2656 726 2722 dieitur
749 2669 857 2724 autem
873 2661 936 2723 late
951 2660 1081 2737 Votiva,

79 2762 148 2846 quia
162 2755 320 2844 ejusmodi
337 2756 442 2836 Missa,
460 2756 534 2820 licct
549 2775 613 2818 non
625 2755 795 2820 conveniat
808 2776 882 2820 curn
898 2755 1023 2836 officio,
1037 2766 1084 2819 est

80 2867 178 2919 tamen
193 2852 376 2938 prescripta
387 2852 428 2916 ab
443 2852 585 2916 Ecclesia
609 2870 649 2912 ex
679 2848 778 2936 ipsius
804 2848 976 2915 devotione
1007 2871 1084 2936 erga

78 2953 113 3013 B.
134 2949 310 3036 Virginem.

119 3044 234 3126 Quaest.
251 3044 326 3107 107.
352 3042 512 3121 Quomodo
527 3039 711 3106 dividuntur
725 3041 827 3104 Missoe
844 3037 877 3102 V
876 3039 964 3102 otivoe
978 3038 998 3103 Ρ
1089 3009 1145 3121 Υ

120 3141 159 3204 R.
174 3136 369 3204 Dividuntur
385 3136 417 3199 in
446 3135 593 3200 solemnes
620 3145 653 3200 et
675 3139 829 3220 priuatos.
854 3134 1012 3198 Solemnis
1039 3147 1085 3199 est
1195 3173 1197 3177 ·

82 3232 143 3315 illa,
158 3255 228 3321 quae
249 3253 308 3318 pro
323 3252 358 3295 re
382 3231 472 3318 gravi
499 3233 551 3295 vel
574 3232 704 3316 publica
718 3229 867 3294 Ecclesiae
887 3249 983 3314 causa
1002 3231 1085 3292 sole-

80 3330 190 3393 mniter
215 3325 409 3394 celebranda
440 3327 628 3392 auctoritate
658 3325 820 3390 Ordinarii
848 3324 1083 3409 praescribitnr5

81 3432 110 3485 et
124 3423 187 3488 hac
199 3433 247 3488 cst
261 3423 342 3487 ritus
355 3422 510 3507 Duplicis.
526 3423 655 3488 Privata
673 3442 751 3488 vcro
771 3419 889 3484 dicitur
904 3440 953 3501 ea,
963 3440 1033 3504 qnae
1047 3442 1086 3482 ex

79 3537 167 3580 causa
183 3519 317 3602 privata,
334 3516 464 3602 speciali
489 3516 641 3579 nimirum
662 3513 846 3592 devotione,
864 3510 1024 3576 desiderio
1040 3535 1086 3576 sa·

80 3607 210 3675 cerdotis
227 3613 276 3676 rel
289 3611 425 3698 ejusqui
439 3611 566 3675 Missam
584 3610 687 3696 potiit,
701 3608 900 3690 celebratur3
918 3618 965 3671 est
977 3617 1084 3672 autem

14 3723 15 3732 ¹
81 3703 156 3767 ritus
171 3705 342 3790 Simplicis.

122 3798 201 3864 Hinc
229 3809 319 3885 patet
341 3801 535 3886 praecipuam
556 3797 772 3862 differentiam
805 3796 889 3860 inter
915 3805 1087 3882 utramque

81 3892 224 3959 Votivam
239 3917 302 3960 non
318 3899 491 3961 consistere
506 3895 539 3958 in
555 3893 755 3958 solemnitate
770 3891 947 3955 extrinseca
963 3902 1086 3974 cantus,

83 3986 296 4053 ministrorum
313 4011 489 4073 sacrorum,
504 3999 581 4067 etc,
594 3988 666 4052 haec'
680 3987 779 4072 enim,
796 3986 822 4051 si
837 3983 943 4050 adsint
966 3986 999 4049 in
1026 3988 1088 4054 Vo-

84 4079 148 4143 tiva
161 4083 294 4167 privata,
311 4084 433 4149 faciunt
448 4082 581 4170 quidem
612 4093 648 4148 ut
669 4083 763 4148 Missa
780 4083 820 4147 sit
842 4081 1005 4159 solemnis,
1031 4078 1087 4143 scd
