2754 4740
317 233 361 296 28
729 250 922 300 ouusuouas

356 466 385 559 ξ.
407 465 442 536 t.
474 459 530 536 De
547 459 790 536 translatione
810 470 844 534 et
863 458 1065 534 mutatione
1078 459 1268 536 Festornrn.

756 691 828 776 (Tit.
854 691 909 776 X).

361 916 476 1003 Agitur
492 913 525 976 in
543 911 606 974 hoc
621 863 822 995 paragrapho
845 909 886 973 de
902 912 1002 974 altero
1025 909 1141 976 ellectu
1158 912 1314 978 Occurren-

317 1012 368 1077 tioe
383 1007 535 1089 indicato,
552 1015 663 1092 quaest.
681 1003 758 1067 55.-

362 1105 480 1188 Quaest.
498 1102 554 1166 45.
582 1101 660 1180 Qnoe
676 1096 785 1184 Officio
802 1098 839 1160 nb
858 1096 930 1165 eliis
947 1103 1104 1186 impedita,
1119 1104 1247 1187 nondent
1258 1107 1318 1188 pri·
1368 1121 1369 1152 t

98 1235 108 1254 κ
169 1189 201 1290 ιζ
217 1183 274 1302 'W'o
320 1200 431 1285 oileyio
444 1191 691 1261 translationis?

65 1330 99 1382 ,ἡ
362 1295 405 1359 R,
431 1293 504 1356 Sola
519 1288 648 1376 proprie
674 1287 760 1354 dicta
786 1291 876 1353 Festa
891 1290 1037 1373 Dttplieio
1053 1291 1319 1377 ῦί-ἳσαώρὺω,

5 1373 198 1560 fiendi·
212 1471 263 1506 ’ὼ
320 1409 334 1450 s
364 1482 448 1565 Ergo
463 1480 591 1543 Festum
609 1477 763 1562 Simplex,
787 1480 1253 1558 wit-DQ,
1269 1501 1322 1543 ¹1⁰ss

5 1541 40 1580 fl*

5 1531 522 1726 Wransiertur.
551 1574 662 1659 Neque
681 1574 918 1638 transferuntur
942 1575 1129 1656 Dominicae,
1150 1576 1256 1656 Feriae,
1272 1573 1322 1638 Vi-

323 1669 418 1755 giliae,
444 1664 512 1730 dies
542 1666 625 1728 inira
681 1676 799 1743 manas,
830 1664 1054 1747 dissonare,
1081 1669 1157 1754 quia
1183 1689 1243 1732 uon
1259 1677 1324 1731 sunt

214 1795 269 1852 μ
322 1766 414 1829 Festa
429 1760 559 1848 proprie
571 1666 692 1841 dictati?
701 1758 757 1824 sed
771 1757 812 1822 de
828 1760 866 1824 iis
882 1761 1043 1842 omnibus
1058 1759 1189 1846 quando
1205 1761 1244 1825 ab
1265 1761 1325 1824 aliis

18 1831 50 1872 ⁴
70 1825 424 1981 ‘ltst‘tstfflfflffis
449 1851 682 1939 impediuntur,
706 1876 770 1918 non
796 1855 855 1918 nisi
887 1854 1155 1920 Commemoratis
1182 1865 1213 1919 et
1238 1876 1324 1942 qnan-

5 1903 205 2084 infinum
324 1951 430 2038 doque
457 1949 537 2013 nihil
564 1948 599 2012 fit
626 1949 657 2011 in
686 1950 782 2014 Horis
811 1951 983 2027 canonicis,
1015 1959 1051 2014 ut
1075 1949 1212 2036 toto§2
1234 1948 1325 2012 edocti

323 2067 443 2109 sumus.

358 2140 486 2220 Queat.
503 2139 558 2202 te.
590 2140 676 2219 Qnid
687 2153 730 2204 est
744 2141 828 2204 Festi
842 2135 1039 2202 translatio?

367 2233 407 2297 R.
423 2232 478 2295 Est
494 2235 679 2315 temporaria
694 2233 813 2297 amotio
828 2232 911 2296 Festi
927 2251 946 2294 a
961 2232 1091 2315 proprio
1106 2226 1241 2310 suedie,
1259 2240 1288 2292 rt
1302 2230 1327 2290 in
1370 2233 1371 2240 ’

302 2373 307 2380 -
324 2327 421 2392 alium
434 2324 520 2389 diem
536 2328 715 2392 collocatio.
732 2328 774 2394 V.
789 2349 821 2412 g.
841 2325 910 2390 dies
925 2325 968 2388 50
983 2323 1174 2388 Novembris
1189 2333 1235 2387 est
1250 2321 1328 2386 sedes

325 2422 453 2509 propria
467 2421 550 2486 Festi
567 2424 601 2486 S.
619 2421 768 2486 Andreae.
787 2424 820 2487 si
835 2423 896 2486 hnc
911 2419 964 2484 die
985 2428 1132 2483 occurrat
1148 2417 1329 2482 Dominiral

323 2514 490 2581 Adventus
506 2516 588 2601 (quae
603 2515 783 2598 Dominica,
801 2525 911 2601 utpote
927 2515 943 2577 t
962 2513 1004 2576 cl.
1021 2511 1191 2596 prefertur
1205 2512 1330 2576 cuicum·

322 2629 385 2694 que
410 2606 516 2691 Festo)
530 2608 657 2672 Festum
674 2609 708 2672 S.
722 2606 859 2672 Andreae
871 2603 1087 2672 amovendum
1103 2607 1165 2669 erit
1180 2628 1198 2670 a
1211 2606 1328 2690 proprio

322 2721 380 2765 suo
396 2697 449 2763 die
472 2709 504 2763 et
530 2700 561 2763 in
589 2702 687 2764 alium
708 2698 794 2764 diem
811 2698 1045 2786 reponendum.
1073 2699 1128 2762 Est
1154 2709 1260 2763 autem
1284 2699 1330 2760 itta

323 2794 440 2858 amotio
455 2793 539 2857 Festi
567 2805 689 2859 tantum
706 2797 902 2878 temporario,
921 2793 994 2880 quia
1017 2792 1145 2855 Festum
1165 2791 1282 2856 redibit
1294 2788 1327 2853 ad

324 2886 490 2972 pristinam
501 2907 591 2952 suam
606 2885 716 2952 sedem
739 2907 835 2969 anno,
854 2907 918 2973 quo
937 2887 1061 2950 nullum
1078 2896 1226 2949 occurret
1243 2886 1329 2968 impe·

325 2978 515 3042 dimentum.

369 3073 449 3137 Cum
474 3093 551 3158 ergo
577 3077 740 3140 translatio
761 3077 800 3139 sit
826 3085 931 3139 motus
952 3075 1068 3160 aliquis
1084 3095 1215 3140 neeesse
1240 3084 1284 3138 est
1300 3081 1329 3133 ut

325 3167 405 3232 duos
416 3168 533 3232 habeat
549 3169 712 3254 terminos,
729 3169 882 3236 videlicet
893 3174 1087 3234 terminumn
1103 3193 1163 3267 qno
1175 3179 1329 3236 amovetur

325 3274 357 3328 et
373 3265 536 3327 ternrinnrn
551 3261 592 3325 nd
627 3285 694 3328 nnn
708 3266 848 3330 refertur
863 3276 895 3330 et
909 3275 1118 3348 reassumstur
1133 3267 1274 3328 Festum.

374 3348 537 3428 lerrnr'nns
560 3385 653 3449 oqno
669 3365 787 3432 dicitur
809 3368 878 3434 dies
904 3390 1008 3454 aquo
1022 3378 1191 3433 amovetur
1213 3371 1330 3433 Festum

326 3470 457 3549 proptor
481 3461 707 3527 occurentiam
732 3464 865 3529 ulterius
885 3463 988 3528 Officii
1019 3462 1224 3548 praeferendi3
1248 3462 1329 3547 juxta

327 3575 365 3617 ea
380 3573 450 3638 quae
466 3551 485 3640 S
500 3554 520 3616 2
539 3550 637 3638 hujus
652 3557 764 3641 eapitis
779 3559 936 3642 explicata
958 3568 1043 3622 sunt.

369 3645 488 3726 Quaest.
502 3646 556 3710 47.
578 3645 658 3724 Qnis
673 3661 717 3714 est
739 3654 894 3715 terminus
915 3649 956 3716 ad
980 3672 1077 3738 quem
1088 3653 1179 3718 Festa
1194 3653 1329 3737 rejiciun-

327 3751 389 3819 tnr,
406 3743 470 3803 sire
480 3741 605 3824 qnidies
621 3741 788 3809 admittunt
798 3749 889 3810 Festa
902 3743 1082 3809 translato?

368 3834 410 3897 R.
426 3833 481 3897 Est
502 3834 605 3917 prima
620 3832 688 3900 dies
703 3860 766 3901 non
783 3837 937 3926 impedita
955 3841 1048 3903 Festo
1071 3841 1210 3925 Duplici,
1241 3834 1328 3902 semi-

326 3923 462 4080 dulplici,
491 3925 543 3991 die
566 3928 681 3994 octava
706 3933 758 3998 vel
787 3935 963 4000 Dominica.
996 3936 1043 3998 En
1074 3936 1217 4021 regulam
1243 3949 1330 4020 geue·

326 4038 360 4081 ra
376 4038 439 4080 em.

370 4111 552 4178 Notandum
568 4125 673 4180 tamen
700 4130 747 4184 est
764 4122 797 4184 1⁰
811 4121 898 4215 quod
914 4119 984 4186 dies
1000 4122 1054 4207 qui
1076 4121 1227 4206 rejiciunt
1251 4122 1328 4184 Festa
