2750 4738
364 307 538 352 cananaeus
561 307 708 352 nisenus.
984 286 1043 354 tbt

81 416 112 477 2.
136 412 170 476 Si
197 419 305 474 autem
326 407 367 473 sit
386 408 571 494 Episcopus,
593 409 660 473 sive
680 408 789 473 Abbas
805 409 928 474 babens
950 429 1044 475 usum

43 508 147 589 Mitrae,
163 516 196 571 ct
209 502 331 586 Bacoli,
348 525 385 568 ac
396 511 584 568 caeterorum
597 503 843 582 Pontificalium,
854 504 1049 570 etsolemni-

44 614 86 666 tor
101 599 255 676 celebret,
272 617 369 680 supra
382 593 591 661 Dalmaticum
604 605 635 659 ct
646 595 856 661 Tuniccllam.

82 689 693 771 5.PluvialiutiturinProcessionibus,
704 700 737 754 ct
748 688 1048 770 benedictionibus,

44 810 108 875 quo
122 789 204 853 fiunt
219 787 251 850 in
268 785 370 850 altari.
388 785 469 849 Item
485 783 518 847 iu
534 782 646 849 Officio
661 781 809 848 Laudum
833 795 866 849 et
889 785 1050 870 Vesperu-

44 905 120 964 rum,
138 878 269 969 qnando
283 878 466 944 solemniter
478 875 640 942 dicuntur.
653 875 775 942 Eodem
786 876 888 944 utitur
899 879 1049 946 assistens

45 975 213 1042 celebranti
238 974 270 1038 in
293 974 387 1038 Missa
408 971 598 1038 Pontificali.
627 971 707 1038 item
732 969 863 1058 quando
879 973 1048 1039 celebrans

45 1082 109 1158 post
123 1072 252 1136 Missam
268 1070 497 1133 Delunetorum
513 1067 589 1133 fucit
605 1068 637 1132 in
650 1065 712 1132 fine
727 1066 985 1134 Absolutionem.

83 1169 113 1230 4.
138 1165 220 1230 Cum
236 1164 401 1230 celebrans
415 1162 678 1245 utiturPluviali,
699 1183 827 1248 semper
839 1160 972 1248 deponit
984 1165 1054 1229 Mo·

46 1261 197 1346 nipulum,
216 1269 249 1324 et
263 1258 319 1322 ubi
335 1256 479 1322 Pluviale
502 1255 623 1320 habere
644 1276 708 1319 noo
724 1265 840 1340 potest,
861 1255 893 1320 in
908 1255 1052 1322 Benedi-

47 1354 198 1419 ctionibus
213 1375 284 1441 quse
302 1351 382 1416 fiunt
403 1349 434 1414 in
450 1349 553 1430 uiuri,
569 1349 736 1415 celebrans
751 1359 813 1414 stat
826 1349 895 1414 siue
918 1353 1052 1418 Planeta
1143 1401 1146 1408 ⁴

47 1471 113 1514 curn
130 1448 214 1514 Alba
230 1458 263 1511 et
277 1447 376 1511 Stolo.

85 1543 115 1607 5.
140 1541 317 1608 Dalmatica
332 1551 364 1605 et
374 1539 538 1606 Tunicella
561 1548 695 1604 utuntur
710 1537 864 1604 diaconus
876 1548 907 1604 et
920 1536 1054 1604 subdia·

47 1659 140 1702 conus
153 1639 185 1701 in
201 1637 297 1701 Missa
311 1636 456 1718 solemni,
472 1646 503 1700 et
517 1632 788 1714 processionibus,
805 1645 838 1699 et
848 1632 1054 1700 Benedictio·

48 1734 148 1818 nibus,
164 1729 294 1820 quando
309 1730 466 1796 sacerdoti
481 1729 673 1794 ministrant.

87 1829 117 1891 6.
143 1830 180 1892 In
193 1825 309 1890 dicbus
325 1846 401 1890 vcro
413 1823 614 1912 jejuniorum
632 1821 861 1908 (praeterquam
879 1823 1054 1912 invigiliis

49 1922 245 2007 Sanctorum)
259 1930 290 1983 et
301 1919 335 1982 in
345 1919 519 1983 Dominicis
532 1927 563 1980 et
573 1916 673 1980 Feriis
685 1914 852 1981 Adventus
867 1927 898 1982 ct
911 1918 1055 2001 Quadra·

50 2017 184 2100 gesimoe,
201 2038 238 2080 ac
254 2015 285 2078 in
300 2015 419 2100 vigilia
434 2016 638 2078 Pentecostes
655 2020 727 2074 ante
742 2010 881 2092 Missam,
899 2011 1055 2099 (exeeptis

49 2110 208 2175 Dominica
228 2109 375 2188 Gaudete,
394 2108 516 2173 etiamsi
528 2107 598 2193 ejus
613 2105 706 2169 Missa
720 2104 802 2169 infra
816 2103 1054 2174 hebdomadam
1171 2116 1175 2123 '

51 2215 218 2289 repetatur,
228 2205 571 2282 etDominicaLoetore,
588 2199 707 2287 Vigilia
721 2199 900 2264 Natiuitatis
912 2203 1052 2284 Domini,

52 2297 185 2363 Sabbato
202 2311 310 2365 sancto
335 2300 368 2363 in
385 2296 612 2363 Benedictionc
629 2294 725 2376 cerci,
750 2304 781 2358 et
797 2295 829 2358 in
846 2294 951 2378 Missa,
970 2319 1006 2362 ac
1022 2296 1053 2362 in

52 2392 189 2473 Quatuor
204 2395 414 2483 Temporibus
436 2390 664 2475 pentecostes),
683 2390 759 2453 item
776 2389 808 2451 in
824 2388 1054 2456 Benedictione

52 2487 263 2571 candelarum,
297 2499 328 2554 ct
355 2487 574 2569 Processione,
607 2485 640 2548 in
667 2483 720 2546 dic
749 2484 984 2549 Purificatioois
1013 2487 1053 2552 Β.

53 2581 162 2663 Mariae,
180 2593 213 2647 ct
230 2585 263 2647 in
278 2581 508 2648 Benedictionc
528 2583 673 2646 cinerum
689 2601 726 2644 ac
740 2579 970 2644 Benedictionc
986 2585 1056 2667 pal-

54 2693 169 2738 marum
182 2686 214 2739 ct
225 2676 432 2740 Processione
445 2675 478 2738 in
491 2672 728 2738 cathedralibus
737 2681 768 2736 ct
777 2673 945 2758 praecipuis
957 2676 1056 2739 cccle-

53 2767 101 2830 siis
112 2779 245 2835 utuntur
259 2771 399 2836 Planetis
412 2769 535 2855 plicatis
547 2779 619 2834 ante
631 2777 741 2852 pectus
754 2790 762 2831 ι
781 2789 877 2854 quam
891 2770 1056 2844 Planctam

54 2861 200 2928 diaconus
221 2864 354 2930 dimittit
379 2885 452 2929 cum
478 2865 619 2928 lecturus
639 2873 686 2926 cst
705 2863 927 2948 Evangelium,
953 2885 1055 2951 coque

55 2965 123 3021 lunc
135 2961 399 3044 supersinistrum
409 2958 581 3021 humerum
596 2955 821 3040 superstolam
834 2957 1054 3042 complicatur:

56 3063 104 3114 aut
119 3055 248 3138 ponitur
259 3053 347 3117 aliud
363 3073 464 3140 genus
476 3053 570 3116 stola
591 3049 711 3115 latioris
723 3050 755 3113 in
771 3048 902 3115 modum
917 3052 1056 3118 Planctae

57 3146 181 3231 plicatae,
212 3159 243 3213 ct
269 3150 351 3213 lacta
380 3146 623 3228 Communionc,
652 3143 785 3207 resumit
813 3145 992 3224 Plaoetam,
1021 3156 1084 3211 ut·

57 3240 148 3322 prius.
173 3243 328 3307 Similiter
347 3239 562 3306 subdiaconus
582 3232 714 3302 dimittit
740 3259 810 3301 eam
827 3259 899 3302 curo
916 3240 1056 3304 lecturus

57 3343 98 3397 est
111 3336 292 3421 Epistolam,
310 3357 406 3422 quarn
421 3335 499 3422 legit
521 3335 553 3398 in
569 3332 664 3413 Alba,
682 3343 714 3396 et
726 3353 763 3395 ea
780 3331 879 3418 finita,
897 3335 1056 3398 osculata-

57 3449 112 3512 que
126 3432 314 3496 celcbrantis
329 3451 437 3513 manu,
452 3431 618 3494 Planetam
633 3425 778 3506 resumit,
795 3436 832 3490 ut
846 3427 946 3512 prius.

95 3524 124 3587 7.
149 3526 184 3588 ln
199 3525 377 3589 minoribus
388 3535 494 3590 autem
507 3522 661 3600 ecclesiis,
675 3518 834 3607 praedictis
846 3519 963 3586 dicbus
970 3519 1056 3610 jeju-

57 3616 171 3683 niorum
186 3619 269 3684 Alba
286 3628 406 3683 tantum
421 3617 528 3684 amicti
538 3617 739 3681 ministrant:
753 3611 968 3680 subdiaconus
982 3637 1056 3680 cum

56 3709 221 3798 Manipulo,
234 3712 388 3778 diaconus
399 3713 495 3778 etiam
511 3733 585 3776 cum
601 3711 687 3786 Stolo
710 3708 752 3773 ab
776 3709 913 3784 humero
928 3707 1057 3782 sinistro

58 3804 208 3892 pendente
222 3809 282 3882 sub
297 3806 459 3885 dextrum,
