2754 4740
319 251 406 292 airus
429 251 618 294 cessassent
643 249 767 294 urssau.
989 225 1051 288 tea

102 495 228 589 titt
243 512 298 587 De
319 510 378 586 tis
396 533 479 609 qesta
496 515 713 588 omittuntur
731 508 772 586 io
791 508 905 584 Misso
919 529 992 604 pro

435 634 640 723 delirastis.

89 904 118 964 l.
143 901 178 962 ln
196 900 289 962 llissa
306 917 364 981 pro
375 897 540 962 Delunctis
552 909 625 962 ante
639 896 879 962 Confessioncm
894 917 959 960 non
974 893 1051 960 dici·

52 1009 96 1060 tur
124 995 269 1058 Pselmus
293 992 407 1056 dodico
428 1012 475 1055 nse
500 992 606 1055 Deos:
632 989 689 1054 sed
724 991 929 1076 pronuntiata
963 989 1052 1054 Anti·
1086 985 1090 993 '

52 1091 148 1175 phana
162 1085 299 1150 introibo
315 1085 356 1148 ael
378 1083 475 1150 altore
489 1085 559 1162 Dei,
578 1095 610 1148 et
624 1105 777 1171 responso
801 1107 820 1148 a
844 1082 989 1148 ministro
1012 1084 1053 1148 od

52 1187 141 1249 [leuen
163 1183 220 1266 qui
231 1180 378 1265 latificat,
393 1191 463 1261 eta,
482 1177 652 1253 dicituryi.
670 1180 876 1265 Adjutoriom
898 1187 1050 1257 nostrum,

53 1290 79 1344 et
94 1277 252 1363 Confessio
282 1297 357 1340 eum
381 1276 514 1360 reliquis
536 1285 571 1338 ut
594 1296 703 1360 supra.
728 1274 809 1339 Cum
830 1271 995 1338 celebrans
1010 1271 1051 1336 ed

52 1375 140 1437 altare
157 1370 270 1454 incipit
284 1371 464 1446 introitum,
482 1389 546 1432 non
561 1369 665 1455 signat
687 1391 732 1451 se,
757 1366 812 1433 sed
828 1387 926 1432 manu
940 1366 1052 1432 dextra

52 1477 172 1531 extensa
189 1464 266 1528 iacit
279 1462 405 1550 signum
423 1462 526 1528 crucis
542 1463 779 1548 superlibrum,
802 1463 893 1550 quasi
913 1462 1052 1549 aliquem

52 1557 249 1623 benedicens.
271 1559 341 1621 Non
351 1556 470 1620 dicitur
488 1554 596 1620 Gloria
609 1557 715 1639 Patri,
733 1557 789 1622 sed
805 1567 876 1641 post
890 1558 1053 1622 Psalmum

54 1653 200 1738 repetitur
215 1652 361 1736 Requiem
386 1661 541 1730 oeternaor,
560 1671 620 1715 nec
639 1643 758 1716 dicitur
776 1651 885 1718 Gloria
900 1655 933 1716 io
958 1650 1053 1714 excel·

53 1751 99 1826 sis,
112 1767 169 1808 nec
182 1743 333 1823 Alleluia,
344 1764 403 1807 nec
415 1742 505 1823 dubo,
514 1745 658 1823 Domine,
675 1745 856 1824 benedicere,
872 1767 931 1810 nco
944 1747 1053 1810 Domi·

54 1860 104 1903 reos
124 1843 163 1904 sit
188 1843 220 1902 in
234 1837 323 1902 rorele
337 1857 402 1900 meo
417 1859 425 1900 ι
443 1857 503 1902 nec
520 1841 682 1904 osculatur
695 1839 812 1904 librum
836 1840 869 1902 in
882 1838 959 1903 fine.
982 1839 1051 1902 Non

54 1933 160 1999 dicitur
176 1933 287 2013 Credo,
298 1931 665 2021 nonbencdieituraqua
676 1937 709 1999 in
722 1935 859 2001 Calicem
874 1930 1051 2014 fundenda,

54 2031 161 2098 dicitur
177 2043 285 2097 tamen
301 2031 402 2096 oratio
429 2033 527 2108 Peos,
551 2037 606 2118 qui
624 2034 766 2098 bamanoe
787 2031 977 2110 substernite,
995 2043 1050 2098 etc.

55 2126 124 2190 Cum
141 2129 228 2192 lavat
243 2145 368 2203 manus,
387 2127 419 2190 in
438 2125 501 2189 fine
516 2127 633 2190 Psalmi
645 2127 763 2192 Lavabo
775 2130 856 2191 inter
866 2128 1050 2206 innocentes,

55 2221 243 2286 condicitur
261 2219 370 2287 Gloria
384 2221 490 2284 Patri.
515 2218 566 2284 Ad
582 2225 696 2306 Aonios
712 2223 771 2286 Dei
783 2241 848 2286 non
864 2218 982 2285 dicitur
996 2225 1052 2285 mi·

54 2334 141 2378 serere
161 2314 260 2388 nobis,
284 2313 376 2398 eujus
398 2314 468 2378 loco
498 2311 616 2380 dicitur
641 2317 721 2380 dorso
746 2318 789 2381 eis
814 2318 960 2402 requiem,
992 2335 1053 2380 nec
1086 2368 1089 2374 .

56 2410 138 2474 tertio
170 2409 252 2473 dorsa
274 2407 361 2472 nobis
388 2429 517 2492 possm,
545 2408 637 2494 cujus
663 2411 733 2475 loeo
759 2407 877 2474 dicitur
900 2409 980 2473 dona
1009 2414 1052 2474 eis

56 2507 178 2589 requiem
193 2507 422 2586 sentpiteroom‚
436 2523 542 2589 neque
558 2507 737 2589 percutitur
748 2514 872 2590 pectus.
889 2504 958 2568 Non
970 2501 1052 2569 dici·

20 2595 23 2602 ’
56 2607 100 2659 tur
120 2599 222 2683 prima
245 2597 347 2661 oratio
376 2607 448 2660 ante
474 2596 749 2680 Communionem,
777 2598 897 2663 scilicet
921 2599 1052 2663 Domine

56 2689 121 2753 deso
136 2689 271 2766 Christe,
301 2692 357 2775 qni
380 2689 490 2755 dixisti
512 2693 672 2776 Apostolis
694 2695 768 2777 lais,
785 2703 854 2771 eta,
873 2712 934 2755 nec
956 2689 1051 2756 datur

58 2804 121 2866 pax.
137 2786 173 2849 ln
189 2785 253 2848 fine
268 2804 333 2848 non
348 2782 466 2848 dieitur
492 2787 538 2849 Ite
557 2788 654 2852 Misso
678 2799 734 2871 est,
751 2809 811 2852 nec
831 2785 1051 2851 Bertedieamus
1119 2782 1122 2788 ’

57 2877 191 2957 boosino,
210 2876 269 2944 sed
284 2879 485 2964 Requiesraat
499 2883 533 2944 in
555 2901 640 2965 pore.
658 2883 697 2947 Et
711 2903 775 2948 non
792 2881 887 2946 datur
902 2876 1052 2944 benedic·

57 2971 115 3036 tio:
142 2970 199 3037 sed
214 2971 301 3036 dicto
316 2971 455 3053 Placeat,
481 2983 513 3038 et
527 2977 669 3040 osculato
684 2977 788 3056 altari,
806 2973 935 3056 dicitur,
953 2984 989 3038 ut
1003 2996 1053 3038 su·

57 3087 117 3149 pra,
134 3069 173 3130 ln
185 3067 341 3152 principio
357 3079 421 3131 erat
436 3067 584 3150 Verbum,
602 3082 656 3134 eto.
672 3071 745 3136 Alia
764 3070 870 3135 omnia
885 3079 921 3133 ut
936 3069 968 3134 in
983 3069 1052 3134 aliis

56 3158 158 3228 Missis.

94 3258 124 3322 i.
149 3261 185 3324 In
202 3258 296 3322 Missa
319 3259 451 3322 solemni
474 3281 538 3324 non
565 3262 747 3328 incensatur
768 3263 868 3326 altare
884 3259 925 3325 ed
940 3261 1055 3324 Introi-

57 3363 127 3432 tum,
146 3365 178 3420 et
203 3351 430 3436 subdiaconus,
446 3356 535 3420 finita
554 3358 708 3444 Epistola,
725 3379 789 3423 non
806 3358 967 3422 osculatur
989 3377 1054 3420 ma·

57 3467 123 3514 uum
137 3449 341 3528 celebrantis,
371 3469 431 3514 nec
461 3449 686 3518 benediciture
711 3450 865 3518 diaconus
887 3469 951 3514 non
975 3449 1055 3534 petit

55 3539 315 3621 benedictionem,
334 3563 393 3606 nec
414 3547 575 3609 osculatur
600 3547 792 3612 celebrantis
806 3563 963 3609 manume
987 3561 1054 3605 non

56 3644 195 3704 tenentur
208 3638 379 3702 luminaria
405 3635 445 3702 ad
456 3641 683 3728 'Evangelium
707 3663 767 3707 nec
782 3648 927 3727 portatur
942 3637 1056 3700 incen-

57 3750 128 3814 sum,
153 3730 210 3796 sed
238 3729 302 3795 duo
333 3740 457 3797 tantum
481 3737 617 3823 acolythi
642 3737 710 3800 sine
734 3730 936 3800 cattdelabrie
958 3737 1053 3802 stant,

58 3843 129 3890 uuus
143 3849 162 3890 a
178 3825 312 3902 dextris,
343 3835 375 3889 et
404 3828 485 3892 alter
510 3851 529 3894 a
558 3829 692 3895 sinistris
707 3826 895 3895 subdiaconi
919 3823 1057 3890 tenentis

58 3918 164 3986 librum
180 3920 443 4004 Evangeliorum.
460 3925 530 3989 Non
554 3925 737 3991 incensatur
758 3924 853 4005 liber,
870 3940 931 3985 nec
946 3920 980 3983 in
992 3918 1056 3982 fine

60 4015 224 4095 celebrans,
249 4035 309 4078 nec
324 4011 469 4080 defertur
482 4018 566 4083 liber
587 4018 835 4105 Evangeliorum
851 4010 1054 4089 osculandus,

61 4107 154 4174 oblata
170 4121 202 4174 et
217 4111 317 4173 altare
340 4109 544 4178 incensantur
558 4124 594 4178 ut
614 4135 733 4198 supra:
765 4113 948 4176 incensetur
969 4106 1054 4169 solus
