2754 4740
293 188 336 248 42
472 196 474 202 ’
707 205 897 252 ouasrromes

295 327 354 381 cst.
385 319 485 379 Porro
509 316 643 377 mutatio
675 315 867 400 Antiphonae
890 324 921 377 et
953 314 1073 380 Versus
1100 315 1288 402 fit‘sequcnti

296 411 412 476 modo:

344 509 384 571 l².
406 504 544 587 Quando
568 528 665 568 rmum
702 509 752 570 rel
777 508 868 591 plura
890 509 983 568 Festa
1009 507 1173 592 Simplicia
1192 529 1292 572 occur-

294 613 380 666 runt.

337 697 391 758 Aa
406 697 440 760 V
439 718 570 780 ceperas.
599 696 707 758 Prima
737 695 1003 762 Commemoratis
1028 697 1062 760 lit
1083 719 1139 781 per
1154 695 1296 780 Antipho-

295 813 368 855 nam
395 801 426 855 et
452 792 589 857 Versum
618 789 659 852 de
682 789 857 854 Laudibus.
878 791 1027 858 Secunda
1042 792 1296 856 Commemoratio

293 907 352 970 per
362 885 579 969 Antiphonem
595 882 635 946 de
651 882 798 947 secundis
813 885 964 969 Vesperis
980 897 1011 950 et
1022 886 1159 952 Versum
1176 882 1298 947 secundi

297 979 461 1043 Nocturni.
490 978 595 1041 Tertia
622 997 679 1061 per
706 977 924 1062 Antiphonem
947 981 1083 1065 primam
1114 990 1145 1042 et
1170 977 1298 1041 Versum

296 1072 379 1135 tertii
400 1071 566 1135 Nocturni.

339 1167 392 1228 Aa
416 1166 547 1229 Laudes.
573 1165 680 1228 Prima
696 1164 962 1233 Commemoratio
975 1170 1009 1233 lit
1024 1190 1082 1253 per
1092 1168 1301 1251 Antiphonem

296 1273 328 1325 ct
345 1263 481 1328 Versum
504 1260 545 1323 de
568 1260 679 1344 primis
694 1261 856 1344 Vesperis.
875 1264 1023 1328 Secunda
1042 1262 1304 1326 Commemoratio

296 1357 386 1420 litut
414 1356 504 1420 tertia
527 1376 623 1439 supra
653 1352 694 1417 ad
723 1355 894 1439 Vesperas.·
925 1358 1030 1420 Tertia
1055 1358 1090 1418 lit
1112 1366 1147 1417 ut
1169 1353 1303 1417 secunda

294 1448 335 1513 ad
351 1451 521 1534 Vesperas.

341 1553 386 1632 Si,
402 1553 433 1614 in
450 1574 524 1616 casu
555 1553 791 1617 Concurrentiae
816 1551 954 1625 duorum
971 1557 1138 1618 Festorum
1162 1552 1304 1639 ejusdem

295 1649 467 1736 qualitatis,
484 1657 561 1732 puta
577 1646 801 1712 Conlessorum
830 1649 1031 1728 Pontificum,
1049 1671 1186 1734 quorum
1209 1651 1307 1712 aller-

294 1744 396 1807 utrius
409 1743 491 1808 faeta
504 1752 550 1805 est
561 1741 828 1806 Commemoratis
842 1744 873 1805 in
885 1746 1046 1830 vesperis,
1063 1741 1209 1807 facienda
1223 1743 1306 1804 insu·

295 1860 352 1922 per
366 1839 405 1901 sit
416 1837 682 1901 Commemoratio
691 1837 850 1921 Simplicis
862 1838 1008 1924 ejusdem
1024 1839 1119 1903 etiam
1132 1837 1308 1924 qualitatiS,

295 1934 391 2019 hujus
410 1930 677 1996 Commemoratis
695 1941 865 2016 peragetur
880 1932 1011 2019 quidem
1026 1933 1307 2017 perAntipbonam

294 2025 335 2089 ad
359 2025 495 2104 Laudes,
514 2024 570 2088 sed
583 2026 703 2089 Versus
719 2023 934 2090 desumendus
958 2039 1005 2091 est
1032 2049 1072 2090 cx
1086 2024 1227 2090 seeundo
1242 2027 1309 2087 No-

293 2130 418 2196 cturno,
436 2130 566 2202 propter
582 2119 736 2181 rationem
754 2141 829 2183 mox
847 2120 1065 2199 indicandam.

337 2213 382 2275 2⁰.
400 2212 433 2274 Si
450 2210 596 2275 facienda
613 2223 660 2275 est
684 2212 1031 2278 Commemoratiodiei
1056 2216 1138 2277 inlra
1154 2216 1309 2278 Octavam

292 2305 429 2389 alicujus
448 2306 554 2369 Sancti
575 2327 638 2368 non
662 2306 806 2370 habentis
833 2307 1032 2394 Antiphanes
1048 2319 1080 2371 et
1102 2308 1222 2374 Versus
1238 2329 1309 2392 pro·

292 2400 374 2482 pria,
398 2409 471 2462 tune
501 2400 635 2462 mutatio
662 2399 754 2462 aliter
781 2402 849 2465 lieri
876 2402 984 2467 debet.
1002 2403 1128 2466 Etenim
1149 2424 1224 2465 cum
1241 2402 1310 2465 dies
1375 2439 1376 2444 κ

292 2493 374 2556 infra
396 2493 550 2556 Octavam
568 2515 632 2556 raon
653 2493 770 2558 babeat
791 2498 908 2581 primas
932 2499 1101 2582 Vesperas,
1120 2496 1309 2581 Antipbona

290 2586 331 2649 ad
346 2586 471 2651 Laudes
486 2587 567 2649 sumi
584 2586 682 2650 debet
703 2609 742 2651 cx
765 2591 914 2655 secundis
938 2594 1099 2677 Vesperis,
1120 2591 1310 2676 Antiphone

290 2691 397 2745 autem
420 2680 460 2744 ad
483 2682 641 2765 Vesperas
665 2703 704 2744 ex
726 2682 908 2768 Laudibus3
933 2684 990 2748 sed
1017 2686 1136 2750 Versus
1164 2684 1196 2745 in
1223 2697 1308 2748 utro·

290 2797 353 2860 quc
377 2797 452 2840 casu
475 2776 652 2839 necessario
683 2778 819 2841 sumitur
846 2800 885 2842 ex
915 2780 1025 2862 primis
1048 2777 1210 2862 Vesperis‚
1232 2778 1308 2864 quia

290 2869 323 2930 in
334 2868 502 2933 Communi
526 2871 715 2934 Sanctorum
734 2873 853 2936 Versus
871 2871 1017 2936 Laudum
1035 2883 1064 2936 et
1089 2869 1306 2935 secundarum
1374 2925 1375 2934 ,

290 2962 720 3047 Vesperarumsuntiidem.
787 2981 790 2990 '

334 3053 447 3134 Quoad
463 3056 663 3134 Orationem,
681 3061 706 3122 si
731 3061 798 3123 haec
815 3059 968 3125 mutanda
993 3072 1062 3137 est,
1090 3061 1232 3145 eligatur
1249 3061 1308 3122 alia

289 3148 459 3212 exeodem
475 3150 641 3240 Communi
673 3155 836 3238 (Tit..IX,
871 3180 903 3219 n.
923 3157 967 3240 8).
998 3157 1075 3218 Cum
1108 3164 1216 3217 aretem
1251 3177 1307 3240 pro

288 3243 489 3325 lloctoribuS,
507 3245 694 3331 Virginibus
724 3258 755 3311 ct
787 3249 1060 3334 convirginibus
1088 3268 1151 3309 una
1180 3256 1306 3312 tantum

288 3338 468 3424 assignetur
479 3340 589 3403 Oratio
606 3341 639 3402 in
654 3362 766 3405 corum
784 3344 965 3419 Communi,
983 3351 1089 3426 potest
1114 3361 1174 3424 pro
1190 3342 1308 3404 Docto·
1373 3389 1374 3408 t

287 3431 376 3496 ribus
388 3432 535 3497 adhiberi
551 3434 660 3498 Oratio
677 3458 716 3498 ex
737 3438 905 3502 Communi
922 3436 1133 3514 Confessoris3
1153 3457 1212 3519 pro
1239 3435 1268 3500 V
1271 3437 1308 3496 ir·

287 3525 415 3608 ginibus
438 3526 547 3589 Oratio
574 3527 815 3612 Iadulpentium‚
842 3533 873 3594 in
897 3547 961 3616 qua
984 3529 1141 3592 omittitur
1167 3533 1309 3615 qualitas

275 3619 448 3704 Martyris,
466 3621 562 3683 etiam
578 3622 715 3706 qualitas
740 3626 774 3688 V
772 3629 886 3711 irpiais
898 3647 957 3710 pro
973 3625 1096 3688 Sanctis
1111 3625 1307 3688 mulieribus

286 3732 357 3794 quea
372 3733 436 3774 non
454 3725 527 3776 sunt
551 3715 707 3801 Martyres
732 3742 839 3806 neque
859 3720 1022 3806 Virgines.
