2780 4726
332 245 421 288 nnus
443 245 633 286 eonsensum
658 245 785 288 nissen.
1010 226 1072 288 157

103 352 134 415 5.
160 350 193 414 Si
216 357 323 411 autem
338 345 524 409 selemniter
538 343 681 408 celebrat
692 366 801 409 eorem
817 346 949 410 Summo
967 350 1074 413 Ponti·

64 445 129 524 fiee,
142 454 197 508 aut
212 443 274 505 alio
295 461 335 504 ex
350 439 492 503 Praelatis
507 435 667 523 praedietis
683 439 716 504 in
739 439 882 504 ecelesiis
900 461 1011 506 eorum
1024 443 1074 528 ju·
1141 491 1143 496 -

64 537 263 614 risdictionis,
277 546 361 599 stans
377 555 395 596 s
409 533 543 596 sinistris
554 532 692 611 Praelati,
709 532 787 597 lacit
801 553 874 596 eum
891 554 929 598 eo
945 532 1072 601 Confes-

64 633 193 711 sionem,
211 640 243 694 et
267 631 329 692 alin
356 636 473 706 servat,
499 636 535 690 ut
560 627 591 689 in
613 626 791 690 Pontifieali
807 637 839 691 et
856 627 1074 695 Caeremoniali

63 728 205 790 Romano
230 723 410 789 ordinatur.

104 820 135 882 t.
162 819 255 882 Stans
269 817 367 903 igitur
377 813 544 880 celebrans
555 824 629 878 ante
645 814 788 878 intimum
802 813 941 902 gradum
954 820 1074 902 altaris,

66 922 98 975 ut
111 933 220 994 supra,
239 907 420 996 producens
444 929 541 972 manu
557 907 669 972 dextra
685 930 703 972 a
721 909 826 974 fronte
842 909 885 975 ad
906 923 1017 997 pectus
1033 916 1077 978 si-

65 1027 160 1090 gnum
176 1007 291 1086 crucis,
315 1003 394 1068 dieit
417 1002 611 1089 intelligibili
629 1025 729 1067 voce:
751 1007 789 1066 In
805 1008 928 1069 nomino
951 1007 1073 1086 Patris,

65 1111 90 1162 et
103 1101 191 1181 Filii,
208 1112 236 1164 et
249 1100 387 1183 Spiritus
403 1101 513 1177 saneti,
526 1101 639 1162 Arnen.
657 1099 695 1161 Et
711 1109 879 1185 postquam
897 1099 930 1163 id
946 1099 1074 1180 dixerit,

65 1215 124 1270 non
141 1193 240 1258 debet
254 1192 422 1258 advertere
434 1213 672 1278 quemeumque
685 1193 717 1254 in
733 1192 795 1256 olio
808 1193 900 1257 elteri
912 1194 1075 1259 celebran-

64 1298 137 1395 tem,
157 1287 255 1350 etiam
269 1287 294 1350 si
311 1287 552 1350 Sacramentum
569 1289 684 1367 elevet,
699 1285 755 1349 sed
768 1289 951 1352 continuate
964 1311 1076 1374 prose-

64 1403 117 1489 qur
109 1382 261 1446 Missam
275 1403 366 1445 snam
381 1401 482 1466 usque
497 1380 658 1444 adfinem.
678 1378 773 1460 Quod
798 1381 875 1444 item
889 1381 1078 1447 observetur

64 1477 94 1538 in
111 1477 205 1540 Missa
221 1477 365 1584 solemni,
381 1485 413 1539 et
424 1477 519 1539 simul
530 1477 657 1539 etiama
674 1475 837 1539 ministris.

86 1570 137 1633 5.
164 1570 246 1634 Cum
262 1571 402 1655 seipsum
424 1570 539 1655 signat,
565 1592 692 1655 semper
708 1569 868 1634 sinistram
885 1571 976 1656 ponit
991 1545 1074 1634 iufra

63 1676 195 1748 peetus:
213 1667 245 1729 in
261 1665 331 1730 alus
341 1662 621 1729 benedictionibus
637 1686 709 1728 eum
727 1673 773 1727 est
788 1662 831 1727 ad
846 1667 957 1746 altere,
974 1675 1007 1728 et
1019 1664 1073 1728 be·

63 1758 183 1825 nedieit
199 1762 316 1842 oblata,
334 1761 385 1826 vel
402 1758 524 1846 aliquid
539 1757 640 1840 aliud,
661 1759 750 1843 ponit
767 1780 838 1822 eam
854 1780 951 1843 super
964 1761 1076 1842 altare,

64 1854 123 1917 nisi
134 1855 228 1918 aliter
243 1864 383 1918 notetur.
400 1853 547 1938 Seipsum
562 1852 770 1930 benedicens,
784 1853 882 1917 vertit
896 1851 937 1915 ad
962 1877 996 1917 se
1010 1857 1079 1939 pal-

65 1967 149 2012 mam
167 1969 280 2010 manus
296 1946 427 2027 dextrae,
445 1957 475 2010 et
498 1947 648 2011 omnibus
670 1945 756 2008 illius
782 1943 890 2030 digitis
911 1945 1081 2031 junctisflet

65 2043 251 2124 extensis,s
274 2042 377 2105 fronte
402 2039 443 2103 ad
467 2039 588 2126 pectus,
613 2051 646 2106 et
669 2039 711 2103 ab
734 2040 869 2102 humero
884 2040 1012 2103 sinistro
1039 2039 1080 2104 ad

65 2137 227 2218 dextrum,
246 2138 372 2224 signum
396 2137 499 2201 crucis
524 2137 652 2201 format.
682 2136 715 2199 Si
738 2156 816 2199 vero
832 2135 921 2215 alios,
939 2136 991 2200 vel
1010 2157 1081 2200 rem

63 2233 205 2318 aliquam
220 2229 394 2313 benedicit,
411 2252 548 2316 parvum
569 2230 707 2318 digitum
728 2230 825 2295 vertit
847 2231 876 2293 ei
900 2229 952 2294 oui
974 2229 1077 2294 bene·

64 2324 153 2408 dicit,
171 2347 209 2389 ae
224 2323 446 2389 benedicendo
474 2335 572 2390 totam
598 2345 729 2389 manum
756 2321 902 2386 dextram
917 2321 1077 2406 extendit,

65 2422 215 2485 omnibus
231 2421 316 2485 illius
331 2418 440 2507 digitis
455 2423 575 2505 pariter
584 2419 706 2508 junctis
723 2428 755 2481 et
767 2418 925 2482 extensis:
942 2415 1030 2503 quod
1047 2419 1080 2482 in

65 2516 151 2578 omni
164 2512 391 2578 benedictione
409 2514 609 2580 observatur.

107 2612 139 2672 6.
164 2609 339 2693 Postquam
355 2605 492 2672 dixerit:
507 2611 545 2671 In
561 2616 683 2676 nornine
705 2612 828 2686 Putris,
846 2620 902 2672 ete.
920 2618 1079 2693 utsupra,

60 2703 204 2787 jungens
217 2701 332 2764 iterum
346 2723 459 2794 manus
470 2713 543 2766 ante
559 2716 682 2788 peetus,
700 2704 886 2791 pronuntiat
901 2705 988 2767 clara
1002 2723 1081 2768 voce

65 2797 286 2880 Antiphonem
300 2819 307 2859 :
321 2797 458 2860 Introilo
481 2797 521 2860 ed
545 2799 642 2864 altare
657 2803 726 2865 Dei.
745 2799 890 2863 Minister
911 2809 997 2862 retro
1012 2808 1084 2884 post

6 2943 7 2946 ,
65 2914 139 2954 eum
155 2889 200 2954 ad
218 2891 377 2954 sinistram
394 2891 593 2978 genuflexus,
617 2905 649 2958 et
672 2896 705 2957 in
721 2895 816 2958 Missa
834 2894 970 2957 solemni
987 2892 1084 2956 mini-

65 2989 119 3051 stri
131 2987 209 3048 hinc
220 2983 422 3051 indestantes
429 2999 681 3073 prosequuntur:
694 2989 749 3052 Act
767 2990 866 3051 Deum
879 2991 935 3074 qui
948 2988 1085 3070 loetifirot

60 3083 259 3163 juventutem
274 3099 384 3143 meam.
412 3078 536 3144 Deinde
564 3081 713 3146 sacerdos
739 3079 855 3146 eodem
876 3080 973 3145 modo
998 3092 1084 3146 stans

66 3175 194 3259 incipit,
210 3183 243 3236 et
256 3175 461 3260 prosequitur
477 3195 551 3239 eum
576 3177 721 3240 ministro
746 3174 799 3243 vel
814 3177 968 3240 ministris
987 3179 1084 3241 elter-

65 3271 167 3332 natim
184 3269 365 3332 Psalmum:
382 3271 495 3332 Judira
518 3293 566 3339 me
581 3274 677 3353 Deus,
706 3293 810 3358 usque
827 3269 992 3352 adfinem,
1011 3292 1084 3335 eum

69 3363 182 3428 Gloria
203 3363 310 3426 Patri.
333 3363 405 3445 Quo
425 3363 527 3447 finito,
550 3367 667 3451 repetit
691 3366 910 3452 Antiphonem
933 3364 1083 3445 Introibo,

65 3479 139 3521 eum
155 3455 322 3539 ministris,
339 3467 376 3521 ut
389 3478 497 3543 supra.
515 3458 578 3539 Qui
594 3461 738 3524 Psalmus
759 3479 936 3545 numquam
951 3468 1085 3544 praeter-

64 3552 217 3626 mittitur,
231 3551 289 3614 nisi
309 3553 341 3615 in
357 3553 459 3617 Missis
468 3555 712 3638 Defunctorum,
727 3565 759 3620 et
774 3557 807 3618 in
824 3555 925 3619 Missis
937 3553 977 3617 de
994 3554 1085 3617 Tem-

65 3667 143 3730 pore
161 3667 182 3708 a
197 3647 363 3711 Dominiea
376 3648 535 3712 Passionis
557 3649 712 3716 inclusive
735 3671 837 3737 usque
854 3648 895 3713 ad
908 3648 1086 3714 Sabbatum

64 3749 215 3803 sanetum
238 3742 400 3805 exclusive
414 3765 424 3824 3
441 3742 474 3804 in
490 3743 608 3829 quibus
620 3747 719 3808 semel
744 3754 868 3809 tantum
884 3743 969 3808 dicta
993 3743 1087 3808 Anti-

66 3835 177 3919 phone
192 3836 340 3918 Introilo,
359 3858 432 3900 oum
448 3838 613 3919 ministris,
637 3850 795 3924 utsupra,
814 3838 964 3903 saeerdos
980 3841 1086 3903 statim

67 3927 240 4014 subjungit
262 3931 306 4003 Ji.
324 3931 530 4016 Adjutorium
546 3946 697 4014 nostrum,
717 3946 772 3997 ets.
791 3944 827 3997 ut
843 3933 937 3996 iufra.
954 3932 1034 3996 Cum
1056 3935 1088 3996 in
1190 3950 1192 3954 ·

67 4023 129 4085 tine
146 4025 266 4087 Psalmi
279 4023 356 4090 dicit
376 4025 484 4091 Gloria
505 4028 611 4108 Patri,
635 4040 690 4092 ete.
712 4040 809 4114 eaput
831 4028 925 4092 Cruci
943 4029 1086 4093 inclinat.

113 4123 148 4184 7.
175 4123 325 4221 llepetita
348 4123 534 4209 Antiphone
550 4127 698 4209 Introilro,
717 4125 828 4191 dextro
849 4148 946 4190 manu
972 4127 1090 4211 produ·

208 4242 293 4283 onrsr.
306 4243 328 4278 u
339 4243 390 4277 rue.
919 4226 958 4288 ld
