2754 4740
298 185 359 248 184
582 201 670 242 anus
693 199 882 246 cassaneam
906 203 1031 244 nrssau.

297 305 474 383 celebrans,
494 314 525 366 et
540 301 818 366 nonincensantur
834 303 900 367 alii.
911 302 1205 367 Subdiaeonusnou
1221 311 1298 365 tenet

295 401 448 463 Pataram
462 407 532 482 post
548 395 764 460 celebrantem
779 418 787 459 :
818 395 876 460 scd
891 407 1036 481 tempore
1051 397 1237 462 elevationis
1252 397 1298 458 Sa·

297 492 451 558 crementi
477 491 666 576 genuflexus
685 491 717 553 in
741 511 842 555 cornu
867 492 1014 576 Epistulae
1045 490 1124 555 illud
1152 492 1296 555 incensat.

210 577 212 584 ¹
296 586 431 651 Ministri
448 606 521 648 cum
538 583 660 672 aliquid
688 586 858 671 porrigunt
883 584 1073 664 celebranti,
1091 585 1201 648 in'hac
1215 585 1300 646 Missa

297 701 363 743 non
393 679 576 743 osculantur
606 676 676 764 ejus
705 699 849 759 manum,
882 699 988 764 neque
1011 699 1092 756 rem,
1118 699 1189 765 quae
1206 677 1300 762 porri·
1364 715 1365 763 3

299 774 395 861 gitur.
801 855 805 859 ,

341 869 374 932 5.
399 870 432 933 Si
447 865 680 933 distribuenda
707 877 782 930 sunt
807 863 961 948 candela,
979 864 1216 931 distribuantur
1240 876 1301 952 post

297 963 482 1048 Epistulam,
512 973 543 1028 at
568 960 785 1026 accendantur
801 958 843 1023 ad
857 960 1081 1046 Evangelium,
1099 959 1141 1024 ad
1157 963 1302 1026 elevatio·
1365 997 1368 1024 i

298 1076 374 1119 nem
390 1053 599 1134 sacramenti,
624 1064 742 1140 etpost
757 1055 899 1132 Missam,
923 1052 1001 1118 dum
1020 1055 1056 1120 fit
1077 1054 1247 1119 absolutio.
1274 1053 1301 1116 Si

298 1149 467 1215 habendus
483 1160 530 1215 est
559 1170 675 1232 sermo,
697 1148 856 1213 habeatur
870 1148 959 1212 finita
979 1148 1074 1213 Missa
1099 1158 1173 1213 ante
1189 1149 1304 1212 absolu·

300 1245 433 1308 tionem.
1364 1299 1365 1312 ,

344 1339 377 1402 4.
402 1339 506 1402 Finita
521 1337 627 1416 Missa,
659 1337 685 1399 si
715 1334 863 1400 facienda
886 1345 933 1398 est
961 1335 1130 1415 absolutio,
1148 1335 1304 1400 celebrans

299 1432 435 1495 retrahit
446 1452 478 1494 se
490 1430 532 1494 ad
543 1451 644 1494 cornu
654 1431 814 1515 Epistola,
829 1429 886 1494 ubi
898 1431 1026 1494 exuitur
1039 1428 1165 1511 Casula,
1177 1440 1209 1494 et
1219 1427 1304 1514 depo·

301 1525 361 1588 sito
388 1526 564 1610 Manipulo‚
597 1524 712 1610 accipit
741 1524 887 1589 Pluviale
916 1524 1057 1610 nigrum.
1091 1523 1305 1590 Subdiaeonus

302 1616 427 1682 medius
443 1619 526 1682 inter
541 1619 621 1683 duos
645 1619 808 1704 acolythos
834 1639 907 1682 oum
932 1616 1133 1682 candelabris
1161 1619 1304 1693 accensis,
1367 1635 1368 1642 ¹

303 1710 408 1777 delert
438 1712 574 1777 Crucem
597 1713 679 1778 sicut
702 1713 733 1775 in
762 1710 1030 1797 processionibus,
1058 1711 1306 1796 precedentibus

303 1804 430 1870 duobus
447 1802 516 1870 aliis
531 1807 695 1892 acolythis,
721 1827 785 1870 uno
814 1826 888 1870 cum
912 1805 1079 1869 thuribulo
1110 1815 1143 1869 et
1168 1805 1304 1870 navicula
1367 1825 1368 1830 ¹

302 1901 434 1980 incensi,
451 1902 514 1964 alio
537 1922 610 1966 cum
633 1921 708 1966 vase
736 1921 826 1986 aquae
856 1897 1090 1963 benedictaeet
1110 1900 1304 1984 aspersorio:
1364 1909 1365 1912 ’

306 1995 452 2080 sequitur
467 1995 646 2076 celebrans,
674 1995 757 2058 facta
768 1994 856 2078 prius
878 1993 970 2056 altari
987 1993 1182 2076 reverentia,
1202 2002 1233 2056 ct
1246 1989 1306 2054 dia·
1364 2034 1365 2040 κ

304 2107 403 2151 conus
417 2109 436 2151 a
448 2088 586 2152 'sinistris
609 2087 693 2174 ejus.
718 2077 942 2151 subdiaconus
970 2107 1045 2150 eum
1067 2106 1165 2150 cruce
1181 2087 1260 2150 sistit
1279 2106 1306 2147 se

305 2178 346 2244 ad
360 2181 460 2265 pedes
487 2181 614 2264 tumuli,
632 2203 689 2245 seu
713 2181 834 2245 lectica
858 2189 1058 2244 mortuorum
1077 2191 1191 2244 contra
1206 2183 1305 2258 altare,

305 2271 431 2339 medius
446 2275 531 2340 inter
556 2273 659 2338 dictos
674 2275 838 2359 acolythos
855 2283 1001 2337 tenentes
1015 2274 1189 2338 luminaria
1204 2297 1213 2337 t
1233 2275 1307 2337 cele-

306 2368 403 2433 brans
418 2391 496 2436 vcro
513 2369 629 2433 exalia
651 2378 741 2454 parte
757 2368 910 2453 incapite
926 2368 988 2432 loci
1005 2367 1089 2431 inter
1103 2369 1204 2433 altare
1220 2379 1252 2431 et
1265 2378 1308 2430 tu·
1367 2371 1368 2374 ’

306 2468 443 2548 mulum,
461 2465 694 2551 aliquantulum
711 2484 822 2528 versus
847 2483 948 2526 cornu
961 2462 1120 2546 Epistola,
1132 2463 1179 2527 ita
1192 2473 1228 2527 ut
1239 2461 1309 2526 Cru·
1365 2465 1368 2538 l

307 2581 376 2624 cem
392 2557 580 2623 subdiaconi
605 2558 814 2643 respiciente
844 2557 979 2620 sinistris
999 2555 1070 2641 ejus
1090 2555 1256 2638 diaconus,
1282 2565 1308 2617 et
1365 2563 1368 2634 ζ

305 2674 406 2739 prope
423 2674 497 2718 eum
514 2653 567 2716 alii
598 2650 662 2715 duo
686 2652 823 2737 acolythi
851 2650 1032 2715 deferentes
1055 2649 1266 2731 thuribulum,
1283 2657 1309 2711 ct
1365 2727 1366 2730 Ἴ

308 2769 363 2813 vas
378 2769 468 2834 aquae
483 2743 675 2810 benedictae.
697 2745 831 2824 Interim
849 2754 995 2808 cantatur
1009 2752 1047 2822 a).
1065 2745 1176 2808 libera
1190 2767 1246 2826 nte,
1257 2745 1309 2806 Do·

308 2845 401 2923 mine,
419 2850 451 2905 et
466 2842 551 2904 circa
572 2839 656 2902 illius
675 2839 772 2903 finem
793 2838 959 2903 celebrans
983 2839 1073 2922 ponit
1096 2840 1261 2903 incensum
1281 2837 1309 2896 in

307 2933 521 3014 thuribulum,
548 2931 743 2998 benedicens
768 2930 848 2996 illud
869 2953 960 2996 more
987 2933 1091 3015 solito,
1118 2935 1309 2997 ministrante

309 3027 444 3092 diacono
460 3030 640 3094 naviculam
657 3051 666 3092 ε
684 3039 715 3093 et
729 3029 819 3092 finito
835 3029 931 3112 Kyrie
946 3028 1070 3106 eleison,
1088 3029 1203 3112 incipit
1224 3027 1307 3092 intel-

308 3122 423 3210 ligibili
439 3143 517 3187 voce
542 3123 641 3186 Pater
663 3135 775 3206 noster,
802 3133 833 3186 et
855 3132 979 3187 secreto
1002 3121 1232 3209 prosequendo
1246 3117 1309 3184 reli·

308 3236 397 3302 qua,
429 3216 544 3300 accipit
566 3217 781 3301 aspersorium
808 3215 848 3279 de
879 3237 977 3282 manu
1007 3215 1146 3299 diaconi,
1180 3227 1213 3282 et
1237 3217 1309 3279 laeta

309 3310 400 3373 altari
414 3311 608 3391 reverentia,
633 3312 804 3375 comitante
821 3306 934 3374 eodem
950 3308 1087 3375 diacono
1103 3332 1121 3374 a
1138 3307 1268 3389 dextris,
1284 3313 1311 3368 et

310 3413 438 3468 tenente
463 3403 622 3468 fimbriam
640 3406 833 3469 anteriorem
861 3405 1027 3488 Pluvialis,
1045 3406 1205 3470 circuiens
1218 3416 1311 3468 tumu·

309 3500 387 3580 lum,
405 3500 545 3584 aspergit
561 3499 652 3562 illum
675 3520 759 3586 aqua
783 3497 965 3580 benedicta,
989 3511 1039 3564 ter
1054 3510 1176 3585 aparte
1194 3499 1307 3573 dextra,

310 3600 341 3653 et
357 3600 436 3654 tera
452 3592 592 3654 sinistra.
610 3590 689 3655 Cum
705 3593 816 3656 transit
832 3603 905 3656 ante
921 3592 1068 3674 Crucem,
1092 3590 1251 3678 profunde
1268 3591 1311 3651 in·

181 3721 195 3728 -
310 3684 417 3765 clinat,
436 3682 591 3748 diaconus
606 3706 684 3750 vero
708 3686 916 3773 genuflectit:
935 3698 1045 3772 postea
1068 3685 1108 3750 dc
1124 3708 1222 3750 manu
1237 3684 1311 3770 ejus·

310 3773 384 3840 dcm
411 3774 537 3840 diaconi
568 3779 686 3864 accipit
711 3779 926 3858 thuribulum,
955 3790 988 3845 et
1012 3780 1126 3844 eodcm
1145 3779 1310 3864 modoque

309 3880 498 3952 asperserat,
516 3872 669 3937 incensat.
679 3875 718 3939 Et
740 3873 868 3938 rediens
883 3874 924 3938 ad
940 3876 1111 3960 pristinum
1126 3877 1244 3953 locum,
1256 3870 1312 3934 dia·

310 3983 390 4026 cono
404 3973 532 4028 tenente
544 3965 681 4046 librum,
695 3967 817 4054 junctis
831 3969 991 4048 manibus,
1016 3969 1095 4035 dicit
1109 3992 1117 4033 ε
