2754 4740
358 213 388 252 tn
405 212 555 252 narniens
572 212 745 255 stramina.
1014 193 1050 253 df

56 316 218 378 mirdane.
230 315 266 374 In
283 313 512 378 Concurrentia
525 335 599 378 vero
616 315 717 377 Officii
733 312 773 376 de
790 317 825 378 B.
840 317 883 378 M.
894 316 933 382 V.
950 327 981 378 ct
995 317 1055 379 ali-

56 409 134 493 cujus
157 408 276 483 Sancti,
296 408 471 470 mutabitur
495 407 639 492 Hymnus
656 418 718 480 tam
743 409 774 469 iu
795 408 1052 495 Vesperisquam

57 505 80 564 in
102 501 327 587 Complatorio‚
350 501 445 566 mode
468 499 678 586 precedentis
699 501 753 566 fiat
775 501 1054 582 Commemoratio,

55 601 120 661 atius
141 618 217 661 non.

91 694 204 774 Quaest.
230 693 282 754 68.
301 694 505 772 Quandoaam
530 697 564 755 in
586 693 710 775 Hyamo
727 693 789 753 Iste
814 689 982 754 Confesser
1005 713 1051 754 re-

55 787 184 850 tinendas
208 799 251 850 est
276 787 414 853 Versus:
431 789 498 850 Hae
520 785 572 850 die
588 788 676 850 latus
692 785 810 848 meruit
831 785 941 848 beatas
955 786 1054 850 Scan-

55 880 121 944 dere
150 881 259 962 sedes3
276 883 471 965 quandonam
494 903 564 946 aero
588 880 755 942 mutandas
775 888 818 941 est
837 881 887 939 ia:
911 880 979 942 Hac
1001 877 1054 943 dic

56 977 133 1039 latas
148 978 265 1039 meruit
280 997 444 1060 supremos
460 975 577 1040 Laudis
589 975 750 1038 honores?

90 1073 130 1134 R.
153 1069 289 1151 Quando
315 1073 444 1134 Festum
465 1069 599 1154 alicujus
627 1067 732 1132 Sancti
748 1067 942 1130 Confessoris
968 1070 1054 1131 ceie-

56 1163 234 1248 hraturipsa
253 1166 301 1227 sui
325 1164 430 1228 obitus
446 1161 510 1243 die,
524 1159 642 1225 dicitur
663 1163 776 1224 meruit
802 1159 902 1223 beatas
919 1160 1054 1226 Scande-

57 1277 83 1316 re
102 1257 194 1333 sedes,
209 1257 305 1320 etiam
322 1278 380 1341 per
394 1267 492 1320 totam
516 1254 671 1320 Octavam
686 1255 711 1316 si
727 1254 810 1317 hanc
832 1253 960 1336 habeat,
978 1255 1054 1341 quia

57 1349 162 1414 Octava
178 1361 326 1414 censetur
341 1372 408 1414 esse
425 1372 488 1413 una
503 1350 680 1436 cademque
697 1349 777 1412 dies.

94 1444 223 1526 Quando
247 1468 324 1510 vcro
336 1447 462 1509 Festum
476 1446 666 1509 transfertur
689 1447 881 1530 temporarie
898 1455 953 1510 aut
980 1466 1053 1529 per-

57 1550 141 1622 petue
157 1551 245 1603 extra
261 1561 350 1604 suam
372 1539 457 1603 diem
473 1540 591 1622 obitus,
608 1542 677 1617 vel,
700 1539 725 1602 si
742 1538 894 1604 Octavam
918 1539 1053 1616 habens,

57 1634 244 1715 transfertur,
263 1636 345 1697 ultra
361 1632 527 1698 octiduum
546 1633 663 1698 dicitur
680 1637 791 1696 raerait
804 1654 961 1717 supremos
977 1635 1057 1698 laa-

59 1727 98 1788 dis
113 1728 248 1792 horrores.

94 1822 227 1886 Tandem
244 1825 269 1885 si
285 1824 412 1886 Festum
441 1824 629 1886 transfertur
659 1824 692 1888 ia
718 1824 854 1908 primam
872 1823 957 1885 diem
985 1837 1057 1908 pest

59 1914 153 1982 Sancti
168 1918 290 1982 obitum
316 1928 347 1981 ct
369 1916 472 2002 pridie
491 1919 640 2003 Vespera
665 1917 742 1982 fiant
764 1916 804 1980 dc
834 1918 978 2002 sequenti
1003 1920 1056 1982 vel

60 2012 233 2096 aCapitnlo
264 2011 304 2074 de
330 2014 487 2098 sequenti,
522 2023 596 2075 tunc
626 2012 812 2075 retinendus
850 2011 910 2074 erit
937 2010 1056 2076 Versus

60 2108 156 2167 meruit
183 2107 282 2168 beatas
311 2105 462 2168 Scandere
491 2107 574 2170 sedes
598 2109 628 2169 in
653 2107 763 2190 primis
786 2107 947 2191 Vesperis,
981 2109 1057 2192 quia

60 2199 102 2260 ha
115 2200 283 2263 recitantur
298 2202 330 2262 ia
348 2202 414 2286 ipsa
440 2199 491 2263 dic
515 2201 631 2282 obitus,
657 2211 688 2264 et
704 2210 937 2287 consequenter
960 2201 1056 2264 etiam

60 2295 200 2357 retinetur
217 2295 249 2356 in
263 2293 417 2357 Matutino
430 2305 462 2357 et
477 2293 623 2358 secundis
639 2295 800 2378 Vesperis‚
818 2297 894 2380 quia
909 2295 1057 2358 Officium

61 2386 295 2451 continuandum
319 2398 366 2451 est
388 2399 432 2451 'co
456 2389 551 2452 modo
574 2411 638 2476 quo
658 2389 821 2474 incipitur.
846 2389 871 2450 E
895 2399 1003 2452 contm
1030 2389 1056 2450 si
1077 2401 1085 2412 '

60 2480 131 2544 facta
152 2493 196 2545 est
220 2492 343 2546 tantum
371 2484 402 2546 in
420 2485 531 2569 primis
557 2484 706 2568 Vesperis
732 2483 999 2546 Commemoratio
1015 2480 1058 2544 de

61 2577 212 2659 sequenti,
242 2573 434 2654 tunc,'cum
463 2573 610 2664 Hymnus
634 2580 784 2642 recitatus
809 2598 873 2639 non
899 2577 996 2638 fuerit
1023 2577 1056 2637 in

62 2664 107 2728 die
134 2669 234 2732 obitus
257 2691 317 2734 nec
346 2672 377 2733 in
394 2673 549 2737 Matutino
567 2721 576 2750 ,
594 2673 689 2736 etiam
714 2674 755 2740 in.
770 2668 916 2734 secundis
933 2671 1057 2754 Vespe-

62 2760 99 2820 ris
125 2784 182 2825 non
208 2763 333 2827 dicetur
354 2765 409 2827 hac
440 2767 487 2829 die
515 2767 603 2830 tratres
636 2770 747 2830 merarii
778 2767 877 2828 beatas·
904 2762 1058 2828 Scandere

63 2855 145 2919 seder.
503 2877 504 2882 ’

84 3041 113 3134 S.
143 3046 175 3116 2.
204 3045 259 3118 De
289 3043 523 3144 Antapodosis,
556 3006 735 3120 rosetus
769 3053 802 3117 et
840 3041 1032 3116 Oratione.

276 3240 350 3322 (aa.
376 3239 432 3315 rx,
456 3239 544 3318 xxi,
570 3238 686 3318 nutv,
711 3237 827 3319 xxx).

101 3417 209 3497 Quaest.
235 3417 287 3481 69.
309 3419 428 3479 Accidit
447 3429 478 3478 at
493 3417 676 3499 Aretiplrorm
700 3416 745 3477 oet
772 3417 805 3478 V
804 3437 889 3480 ersus
914 3419 961 3480 oet
979 3419 1058 3482 Ora-

66 3512 98 3571 tio
111 3514 194 3590 desti,
211 3516 299 3596 cajus
314 3510 350 3593 fit
367 3509 632 3589 Commemoratis,
646 3514 708 3572 siat
722 3508 823 3572 eadem
835 3531 902 3572 cara
915 3509 977 3574 tttr‘s
990 3533 1057 3595 quae

65 3606 172 3666 recitata
199 3603 376 3688 surrentin
399 3603 498 3676 Festo,
522 3606 610 3688 etrjers
622 3601 660 3684 fit
688 3599 831 3687 Officium
844 3627 855 3678 ,·
878 3603 953 3686 quid
968 3623 1059 3687 apaa-

67 3695 125 3758 dma
142 3701 171 3759 ia
183 3719 213 3761 eo
226 3719 310 3779 rasti,
323 3718 391 3759 caera
406 3696 451 3758 bis
463 3695 565 3758 eadem
580 3716 641 3758 raon
657 3694 827 3758 dicantar?
858 3720 861 3725 ·

100 3792 136 3855 R.
163 3792 276 3854 Mutari
311 3787 430 3854 dehent
461 3791 493 3852 iu
519 3789 827 3854 Commemoratione
848 3795 1060 3876 quaecumque

67 3887 127 3939 sunt
145 3875 266 3956 eadem,
285 3885 317 3938 et
331 3877 398 3939 hac
416 3885 552 3940 tantum.
568 3873 660 3938 Unda
676 3876 702 3938 si
718 3877 784 3938 sala
806 3875 989 3960 Antiphone
1012 3887 1062 3940 cst

68 3967 174 4047 eadam,
211 3972 332 4036 Versus
365 3993 441 4034 vcro
477 3982 508 4034 et
537 3971 646 4034 Oratio
682 3966 826 4048 diversa,
853 3973 919 4033 sola
954 3981 1059 4034 muta·
1148 4024 1153 4032 .

66 4059 140 4125 hitar
154 4065 347 4150 Antiphona.
367 4064 457 4127 Idem
480 4065 520 4127 de
544 4066 648 4156 Versu
663 4073 695 4126 ct
718 4063 868 4126 Oratione
885 4061 1059 4124 dicendum
