<?xml version="1.0" encoding="UTF-8"?>
<!DOCTYPE html PUBLIC "-//W3C//DTD XHTML 1.0 Transitional//EN"
    "http://www.w3.org/TR/xhtml1/DTD/xhtml1-transitional.dtd">
<html xmlns="http://www.w3.org/1999/xhtml" xml:lang="en" lang="en">
 <head>
  <title>
</title>
<meta http-equiv="Content-Type" content="text/html;charset=utf-8" />
  <meta name='ocr-system' content='tesseract 3.04.00' />
  <meta name='ocr-capabilities' content='ocr_page ocr_carea ocr_par ocr_line ocrx_word'/>
</head>
<body>
  <div class='ocr_page' id='page_1' title='image "./quaestionesinru00churgoog_0280.png"; bbox 0 0 2806 4736; ppageno 0'>
   <div class='ocr_carea' id='block_1_1' title="bbox 406 336 1092 398">
    <p class='ocr_par' dir='ltr' id='par_1_1' title="bbox 406 336 1092 398">
     <span class='ocr_line' id='line_1_1' title="bbox 406 336 1092 398; baseline 0.01 -7"><span class='ocrx_word' id='word_1_1' title='bbox 406 350 438 391; x_wconf 89' lang='grc' dir='ltr'><strong>ιιι</strong></span> <span class='ocrx_word' id='word_1_2' title='bbox 457 349 604 392; x_wconf 78' lang='lat' dir='ltr'><strong>auamcas</strong></span> <span class='ocrx_word' id='word_1_3' title='bbox 620 351 763 394; x_wconf 72' lang='lat' dir='ltr'><strong>messus.</strong></span> <span class='ocrx_word' id='word_1_4' title='bbox 1049 336 1092 398; x_wconf 82' lang='lat'><strong>69</strong></span> 
     </span>
    </p>
   </div>
   <div class='ocr_carea' id='block_1_2' title="bbox 73 450 1096 2805">
    <p class='ocr_par' dir='ltr' id='par_1_2' title="bbox 80 450 1093 1272">
     <span class='ocr_line' id='line_1_2' title="bbox 121 450 1091 536; baseline 0.006 -23"><span class='ocrx_word' id='word_1_5' title='bbox 121 451 162 514; x_wconf 87' lang='lat' dir='ltr'><strong>R.</strong></span> <span class='ocrx_word' id='word_1_6' title='bbox 188 450 331 533; x_wconf 90' lang='lat' dir='ltr'><strong>Minime,</strong></span> <span class='ocrx_word' id='word_1_7' title='bbox 353 459 389 514; x_wconf 94' lang='lat' dir='ltr'><strong>ut</strong></span> <span class='ocrx_word' id='word_1_8' title='bbox 406 458 508 534; x_wconf 88' lang='lat' dir='ltr'><strong>patet;</strong></span> <span class='ocrx_word' id='word_1_9' title='bbox 534 451 590 514; x_wconf 86' lang='lat' dir='ltr'><strong>sed</strong></span> <span class='ocrx_word' id='word_1_10' title='bbox 610 452 678 536; x_wconf 84' lang='lat' dir='ltr'><strong>ipsa</strong></span> <span class='ocrx_word' id='word_1_11' title='bbox 701 452 795 517; x_wconf 88' lang='lat' dir='ltr'><strong>Missa</strong></span> <span class='ocrx_word' id='word_1_12' title='bbox 818 452 930 516; x_wconf 90' lang='lat' dir='ltr'><strong>festiva</strong></span> <span class='ocrx_word' id='word_1_13' title='bbox 954 451 1091 519; x_wconf 87' lang='lat' dir='ltr'><strong>dicenda</strong></span> 
     </span>
     <span class='ocr_line' id='line_1_3' title="bbox 81 541 1092 630; baseline 0.008 -27"><span class='ocrx_word' id='word_1_14' title='bbox 81 551 136 624; x_wconf 92' lang='lat' dir='ltr'><strong>est,</strong></span> <span class='ocrx_word' id='word_1_15' title='bbox 161 563 235 628; x_wconf 83' lang='lat' dir='ltr'><strong>quae</strong></span> <span class='ocrx_word' id='word_1_16' title='bbox 257 542 388 628; x_wconf 91' lang='lat' dir='ltr'><strong>majoris</strong></span> <span class='ocrx_word' id='word_1_17' title='bbox 412 550 458 606; x_wconf 88' lang='lat' dir='ltr'><strong>est</strong></span> <span class='ocrx_word' id='word_1_18' title='bbox 481 541 641 628; x_wconf 83' lang='lat' dir='ltr'><strong>dignitatis</strong></span> <span class='ocrx_word' id='word_1_19' title='bbox 664 564 762 630; x_wconf 91' lang='lat' dir='ltr'><strong>quam</strong></span> <span class='ocrx_word' id='word_1_20' title='bbox 785 545 910 610; x_wconf 85' lang='lat' dir='ltr'><strong>Votiva.</strong></span> <span class='ocrx_word' id='word_1_21' title='bbox 946 544 1039 610; x_wconf 85' lang='lat' dir='ltr'>Unde</span> <span class='ocrx_word' id='word_1_22' title='bbox 1066 549 1092 611; x_wconf 88' lang='lat' dir='ltr'><strong>si</strong></span> 
     </span>
     <span class='ocr_line' id='line_1_4' title="bbox 82 636 1092 724; baseline 0.006 -26"><span class='ocrx_word' id='word_1_23' title='bbox 82 636 150 720; x_wconf 92' lang='lat' dir='ltr'><strong>quis</strong></span> <span class='ocrx_word' id='word_1_24' title='bbox 165 637 208 700; x_wconf 80' lang='lat'><strong>15</strong></span> <span class='ocrx_word' id='word_1_25' title='bbox 224 636 370 702; x_wconf 83' lang='lat' dir='ltr'>Octobris</span> <span class='ocrx_word' id='word_1_26' title='bbox 386 638 418 700; x_wconf 91' lang='lat' dir='ltr'><strong>in</strong></span> <span class='ocrx_word' id='word_1_27' title='bbox 434 637 526 702; x_wconf 88' lang='lat' dir='ltr'><strong>Festo</strong></span> <span class='ocrx_word' id='word_1_28' title='bbox 549 638 582 702; x_wconf 89' lang='lat' dir='ltr'><strong>S.</strong></span> <span class='ocrx_word' id='word_1_29' title='bbox 608 637 762 721; x_wconf 90' lang='lat' dir='ltr'><strong>Eduardi,</strong></span> <span class='ocrx_word' id='word_1_30' title='bbox 787 638 1006 724; x_wconf 82' lang='lat' dir='ltr'><strong>Semiduplex‚</strong></span> <span class='ocrx_word' id='word_1_31' title='bbox 1030 639 1092 704; x_wconf 92' lang='lat' dir='ltr'><strong>de-</strong></span> 
     </span>
     <span class='ocr_line' id='line_1_5' title="bbox 80 729 1092 817; baseline 0.006 -25"><span class='ocrx_word' id='word_1_32' title='bbox 80 729 168 793; x_wconf 87' lang='lat' dir='ltr'><strong>beret</strong></span> <span class='ocrx_word' id='word_1_33' title='bbox 185 731 350 795; x_wconf 85' lang='lat' dir='ltr'><strong>celebrare</strong></span> <span class='ocrx_word' id='word_1_34' title='bbox 376 732 503 794; x_wconf 82' lang='lat' dir='ltr'><strong>Missam</strong></span> <span class='ocrx_word' id='word_1_35' title='bbox 520 733 552 795; x_wconf 92' lang='lat' dir='ltr'><strong>in</strong></span> <span class='ocrx_word' id='word_1_36' title='bbox 575 733 733 796; x_wconf 82' lang='lat' dir='ltr'><strong>honorem</strong></span> <span class='ocrx_word' id='word_1_37' title='bbox 756 731 852 817; x_wconf 87' lang='lat' dir='ltr'><strong>hujus</strong></span> <span class='ocrx_word' id='word_1_38' title='bbox 875 733 995 817; x_wconf 82' lang='lat' dir='ltr'><strong>Sancti,</strong></span> <span class='ocrx_word' id='word_1_39' title='bbox 1019 755 1092 798; x_wconf 87' lang='lat' dir='ltr'><strong>eam</strong></span> 
     </span>
     <span class='ocr_line' id='line_1_6' title="bbox 81 825 1093 911; baseline 0.003 -22"><span class='ocrx_word' id='word_1_40' title='bbox 81 828 277 911; x_wconf 79' lang='lat' dir='ltr'><strong>persolveret</strong></span> <span class='ocrx_word' id='word_1_41' title='bbox 294 848 358 891; x_wconf 94' lang='lat' dir='ltr'><strong>non</strong></span> <span class='ocrx_word' id='word_1_42' title='bbox 381 847 472 890; x_wconf 88' lang='lat' dir='ltr'><strong>more</strong></span> <span class='ocrx_word' id='word_1_43' title='bbox 497 827 616 900; x_wconf 85' lang='lat' dir='ltr'><strong>Votiuo,</strong></span> <span class='ocrx_word' id='word_1_44' title='bbox 642 825 698 890; x_wconf 89' lang='lat' dir='ltr'><strong>sed</strong></span> <span class='ocrx_word' id='word_1_45' title='bbox 720 829 849 891; x_wconf 83' lang='lat' dir='ltr'><strong>Festino.</strong></span> <span class='ocrx_word' id='word_1_46' title='bbox 876 828 956 891; x_wconf 87' lang='lat' dir='ltr'><strong>Item</strong></span> <span class='ocrx_word' id='word_1_47' title='bbox 982 830 1007 891; x_wconf 93' lang='lat' dir='ltr'><strong>si</strong></span> <span class='ocrx_word' id='word_1_48' title='bbox 1037 828 1093 892; x_wconf 88' lang='lat' dir='ltr'><strong>fiat</strong></span> 
     </span>
     <span class='ocr_line' id='line_1_7' title="bbox 81 919 1092 1008; baseline 0.003 -24"><span class='ocrx_word' id='word_1_49' title='bbox 81 919 228 985; x_wconf 87' lang='lat' dir='ltr'><strong>Officium</strong></span> <span class='ocrx_word' id='word_1_50' title='bbox 252 919 293 984; x_wconf 92' lang='lat' dir='ltr'><strong>de</strong></span> <span class='ocrx_word' id='word_1_51' title='bbox 309 922 357 984; x_wconf 89' lang='lat' dir='ltr'><strong>die</strong></span> <span class='ocrx_word' id='word_1_52' title='bbox 377 921 461 1006; x_wconf 71' lang='lat' dir='ltr'><strong>infra</strong></span> <span class='ocrx_word' id='word_1_53' title='bbox 487 919 633 984; x_wconf 81' lang='lat' dir='ltr'><strong><em>Octavam</em></strong></span> <span class='ocrx_word' id='word_1_54' title='bbox 653 919 859 985; x_wconf 78' lang='lat' dir='ltr'><strong>Immaculata</strong></span> <span class='ocrx_word' id='word_1_55' title='bbox 883 921 1092 1008; x_wconf 79' lang='lat' dir='ltr'><strong>Cariceptionis</strong></span> 
     </span>
     <span class='ocr_line' id='line_1_8' title="bbox 81 1015 1091 1102; baseline 0.004 -24"><span class='ocrx_word' id='word_1_56' title='bbox 81 1026 110 1079; x_wconf 87' lang='lat' dir='ltr'><strong>et</strong></span> <span class='ocrx_word' id='word_1_57' title='bbox 126 1017 242 1083; x_wconf 86' lang='lat' dir='ltr'><strong>Votiva</strong></span> <span class='ocrx_word' id='word_1_58' title='bbox 261 1015 398 1080; x_wconf 87' lang='lat' dir='ltr'><strong>dicenda</strong></span> <span class='ocrx_word' id='word_1_59' title='bbox 414 1017 452 1079; x_wconf 90' lang='lat' dir='ltr'><strong>sit</strong></span> <span class='ocrx_word' id='word_1_60' title='bbox 469 1015 509 1080; x_wconf 89' lang='lat' dir='ltr'><strong>de</strong></span> <span class='ocrx_word' id='word_1_61' title='bbox 525 1018 638 1098; x_wconf 87' lang='lat' dir='ltr'><strong>Beata,</strong></span> <span class='ocrx_word' id='word_1_62' title='bbox 657 1018 750 1080; x_wconf 88' lang='lat' dir='ltr'><strong>Missa</strong></span> <span class='ocrx_word' id='word_1_63' title='bbox 769 1018 893 1102; x_wconf 82' lang='lat' dir='ltr'><strong>legetur</strong></span> <span class='ocrx_word' id='word_1_64' title='bbox 917 1019 1091 1084; x_wconf 90' lang='lat' dir='ltr'><strong>conformis</strong></span> 
     </span>
     <span class='ocr_line' id='line_1_9' title="bbox 80 1108 1091 1196; baseline 0 -22"><span class='ocrx_word' id='word_1_65' title='bbox 80 1111 191 1176; x_wconf 89' lang='lat' dir='ltr'><strong>Officio</strong></span> <span class='ocrx_word' id='word_1_66' title='bbox 208 1113 270 1176; x_wconf 88' lang='lat' dir='ltr'><strong>boc</strong></span> <span class='ocrx_word' id='word_1_67' title='bbox 286 1118 332 1174; x_wconf 89' lang='lat' dir='ltr'><strong>est</strong></span> <span class='ocrx_word' id='word_1_68' title='bbox 347 1108 388 1173; x_wconf 90' lang='lat' dir='ltr'><strong>de</strong></span> <span class='ocrx_word' id='word_1_69' title='bbox 411 1112 620 1175; x_wconf 75' lang='lat' dir='ltr'><strong>Immaculata</strong></span> <span class='ocrx_word' id='word_1_70' title='bbox 644 1111 870 1196; x_wconf 83' lang='lat' dir='ltr'><strong>Conceptione,</strong></span> <span class='ocrx_word' id='word_1_71' title='bbox 895 1134 959 1178; x_wconf 91' lang='lat' dir='ltr'><strong>non</strong></span> <span class='ocrx_word' id='word_1_72' title='bbox 982 1121 1091 1176; x_wconf 89' lang='lat' dir='ltr'><strong>autem</strong></span> 
     </span>
     <span class='ocr_line' id='line_1_10' title="bbox 80 1206 422 1272; baseline -0.006 0"><span class='ocrx_word' id='word_1_73' title='bbox 80 1208 194 1272; x_wconf 85' lang='lat' dir='ltr'><strong>Votiva</strong></span> <span class='ocrx_word' id='word_1_74' title='bbox 211 1207 252 1271; x_wconf 90' lang='lat' dir='ltr'><strong>de</strong></span> <span class='ocrx_word' id='word_1_75' title='bbox 263 1207 295 1271; x_wconf 89' lang='lat' dir='ltr'><strong>S.</strong></span> <span class='ocrx_word' id='word_1_76' title='bbox 311 1206 422 1271; x_wconf 90' lang='lat' dir='ltr'><strong>Maria.</strong></span> 
     </span>
    </p>

    <p class='ocr_par' dir='ltr' id='par_1_3' title="bbox 73 1301 1091 1460">
     <span class='ocr_line' id='line_1_11' title="bbox 122 1301 1091 1389; baseline -0.003 -23"><span class='ocrx_word' id='word_1_77' title='bbox 122 1303 242 1384; x_wconf 80' lang='lat' dir='ltr'><strong>Quaest.</strong></span> <span class='ocrx_word' id='word_1_78' title='bbox 262 1303 336 1365; x_wconf 92' lang='grc'><strong>117.</strong></span> <span class='ocrx_word' id='word_1_79' title='bbox 358 1301 432 1380; x_wconf 83' lang='lat' dir='ltr'><strong>Qua</strong></span> <span class='ocrx_word' id='word_1_80' title='bbox 456 1314 528 1366; x_wconf 85' lang='lat' dir='ltr'><strong>sant</strong></span> <span class='ocrx_word' id='word_1_81' title='bbox 545 1305 644 1368; x_wconf 86' lang='lat' dir='ltr'><strong>Missa</strong></span> <span class='ocrx_word' id='word_1_82' title='bbox 665 1315 768 1387; x_wconf 87' lang='lat' dir='ltr'><strong>partes</strong></span> <span class='ocrx_word' id='word_1_83' title='bbox 786 1305 827 1367; x_wconf 88' lang='lat' dir='ltr'><strong>ad</strong></span> <span class='ocrx_word' id='word_1_84' title='bbox 845 1324 921 1389; x_wconf 83' lang='lat' dir='ltr'><strong>quas</strong></span> <span class='ocrx_word' id='word_1_85' title='bbox 941 1305 1091 1388; x_wconf 74' lang='lat' dir='ltr'><strong>principue</strong></span> 
     </span>
     <span class='ocr_line' id='line_1_12' title="bbox 73 1394 491 1460; baseline 0 -2"><span class='ocrx_word' id='word_1_86' title='bbox 73 1397 197 1459; x_wconf 68' lang='lat' dir='ltr'><strong>‘attendi</strong></span> <span class='ocrx_word' id='word_1_87' title='bbox 208 1394 289 1459; x_wconf 84' lang='lat' dir='ltr'><strong>debet</strong></span> <span class='ocrx_word' id='word_1_88' title='bbox 300 1398 334 1458; x_wconf 92' lang='lat' dir='ltr'><strong>in</strong></span> <span class='ocrx_word' id='word_1_89' title='bbox 347 1397 379 1459; x_wconf 89' lang='lat' dir='ltr'><em>V</em></span> <span class='ocrx_word' id='word_1_90' title='bbox 377 1395 491 1460; x_wconf 86' lang='lat' dir='ltr'><strong>otiois?</strong></span> 
     </span>
    </p>

    <p class='ocr_par' dir='ltr' id='par_1_4' title="bbox 81 1491 1092 1766">
     <span class='ocr_line' id='line_1_13' title="bbox 123 1491 1089 1578; baseline -0.003 -23"><span class='ocrx_word' id='word_1_91' title='bbox 123 1493 164 1555; x_wconf 88' lang='lat' dir='ltr'><strong>R.</strong></span> <span class='ocrx_word' id='word_1_92' title='bbox 205 1491 284 1554; x_wconf 91' lang='lat' dir='ltr'><strong>Sunt</strong></span> <span class='ocrx_word' id='word_1_93' title='bbox 317 1491 492 1576; x_wconf 79' lang='lat' dir='ltr'><strong>praesertim</strong></span> <span class='ocrx_word' id='word_1_94' title='bbox 527 1503 720 1578; x_wconf 84' lang='lat' dir='ltr'><strong>sequentes:</strong></span> <span class='ocrx_word' id='word_1_95' title='bbox 747 1493 891 1578; x_wconf 85' lang='lat' dir='ltr'><strong>Hymnus</strong></span> <span class='ocrx_word' id='word_1_96' title='bbox 914 1491 1089 1576; x_wconf 82' lang='lat' dir='ltr'><strong>angelicus,</strong></span> 
     </span>
     <span class='ocr_line' id='line_1_14' title="bbox 82 1582 1092 1672; baseline -0.001 -24"><span class='ocrx_word' id='word_1_97' title='bbox 82 1585 261 1668; x_wconf 81' lang='lat' dir='ltr'><strong>Orationes,</strong></span> <span class='ocrx_word' id='word_1_98' title='bbox 275 1586 458 1670; x_wconf 82' lang='lat' dir='ltr'><strong>Sequentia,</strong></span> <span class='ocrx_word' id='word_1_99' title='bbox 473 1587 673 1672; x_wconf 81' lang='lat' dir='ltr'><strong>Symbolum,</strong></span> <span class='ocrx_word' id='word_1_100' title='bbox 687 1587 849 1669; x_wconf 87' lang='lat' dir='ltr'><strong>Praefatio,</strong></span> <span class='ocrx_word' id='word_1_101' title='bbox 866 1585 974 1649; x_wconf 88' lang='lat' dir='ltr'><strong>Oratio</strong></span> <span class='ocrx_word' id='word_1_102' title='bbox 995 1582 1092 1648; x_wconf 88' lang='lat' dir='ltr'><strong>Com-</strong></span> 
     </span>
     <span class='ocr_line' id='line_1_15' title="bbox 81 1681 940 1766; baseline -0.005 -20"><span class='ocrx_word' id='word_1_103' title='bbox 81 1684 279 1755; x_wconf 85' lang='lat' dir='ltr'><strong>manieantes,</strong></span> <span class='ocrx_word' id='word_1_104' title='bbox 293 1683 338 1746; x_wconf 89' lang='lat' dir='ltr'><strong>Ite</strong></span> <span class='ocrx_word' id='word_1_105' title='bbox 348 1683 442 1746; x_wconf 84' lang='lat' dir='ltr'><strong>Missa</strong></span> <span class='ocrx_word' id='word_1_106' title='bbox 454 1694 497 1745; x_wconf 87' lang='lat' dir='ltr'><strong>ast</strong></span> <span class='ocrx_word' id='word_1_107' title='bbox 508 1691 538 1746; x_wconf 91' lang='lat' dir='ltr'><strong>et</strong></span> <span class='ocrx_word' id='word_1_108' title='bbox 554 1684 703 1746; x_wconf 89' lang='lat' dir='ltr'><strong>ultimum</strong></span> <span class='ocrx_word' id='word_1_109' title='bbox 718 1681 940 1766; x_wconf 83' lang='lat' dir='ltr'><strong>Evangelium.</strong></span> 
     </span>
    </p>

    <p class='ocr_par' dir='ltr' id='par_1_5' title="bbox 125 1772 999 1860">
     <span class='ocr_line' id='line_1_16' title="bbox 125 1772 999 1860; baseline -0.005 -20"><span class='ocrx_word' id='word_1_110' title='bbox 125 1777 245 1858; x_wconf 82' lang='lat' dir='ltr'><strong>Quaest.</strong></span> <span class='ocrx_word' id='word_1_111' title='bbox 259 1778 335 1846; x_wconf 87' lang='grc'><strong>118.</strong></span> <span class='ocrx_word' id='word_1_112' title='bbox 351 1778 403 1840; x_wconf 82' lang='lat' dir='ltr'><strong>An</strong></span> <span class='ocrx_word' id='word_1_113' title='bbox 416 1775 525 1841; x_wconf 88' lang='lat' dir='ltr'><strong>Gloria</strong></span> <span class='ocrx_word' id='word_1_114' title='bbox 540 1778 651 1841; x_wconf 85' lang='lat' dir='ltr'><strong>dicitnr</strong></span> <span class='ocrx_word' id='word_1_115' title='bbox 662 1781 694 1853; x_wconf 86' lang='lat' dir='ltr'><strong>in</strong></span> <span class='ocrx_word' id='word_1_116' title='bbox 710 1778 741 1842; x_wconf 89' lang='lat' dir='ltr'><em>V</em></span> <span class='ocrx_word' id='word_1_117' title='bbox 740 1780 827 1841; x_wconf 88' lang='lat' dir='ltr'><strong>otiois</strong></span> <span class='ocrx_word' id='word_1_118' title='bbox 838 1772 999 1860; x_wconf 82' lang='lat' dir='ltr'><strong>privatis?</strong></span> 
     </span>
    </p>

    <p class='ocr_par' dir='ltr' id='par_1_6' title="bbox 83 1865 1094 2239">
     <span class='ocr_line' id='line_1_17' title="bbox 125 1865 1092 1956; baseline -0.008 -19"><span class='ocrx_word' id='word_1_119' title='bbox 125 1874 167 1937; x_wconf 87' lang='lat' dir='ltr'><strong>R.</strong></span> <span class='ocrx_word' id='word_1_120' title='bbox 186 1871 294 1937; x_wconf 83' lang='lat' dir='ltr'><strong>Gloria</strong></span> <span class='ocrx_word' id='word_1_121' title='bbox 320 1881 367 1944; x_wconf 83' lang='lat' dir='ltr'><strong>est</strong></span> <span class='ocrx_word' id='word_1_122' title='bbox 391 1871 517 1956; x_wconf 83' lang='lat' dir='ltr'><strong>signum</strong></span> <span class='ocrx_word' id='word_1_123' title='bbox 544 1872 763 1954; x_wconf 84' lang='lat' dir='ltr'><strong>solemnitatis,</strong></span> <span class='ocrx_word' id='word_1_124' title='bbox 795 1870 982 1951; x_wconf 81' lang='lat' dir='ltr'><strong>festivitatis,</strong></span> <span class='ocrx_word' id='word_1_125' title='bbox 998 1865 1092 1930; x_wconf 90' lang='lat' dir='ltr'><strong>ideo-</strong></span> 
     </span>
     <span class='ocr_line' id='line_1_18' title="bbox 84 1964 1094 2054; baseline -0.008 -24"><span class='ocrx_word' id='word_1_126' title='bbox 84 1989 158 2054; x_wconf 88' lang='lat' dir='ltr'><strong>que,</strong></span> <span class='ocrx_word' id='word_1_127' title='bbox 174 1975 222 2029; x_wconf 86' lang='lat' dir='ltr'><strong>ut</strong></span> <span class='ocrx_word' id='word_1_128' title='bbox 243 1977 397 2050; x_wconf 87' lang='lat' dir='ltr'><strong>appareat</strong></span> <span class='ocrx_word' id='word_1_129' title='bbox 419 1965 598 2030; x_wconf 83' lang='lat' dir='ltr'><strong>differentia</strong></span> <span class='ocrx_word' id='word_1_130' title='bbox 621 1967 703 2030; x_wconf 89' lang='lat' dir='ltr'><strong>inter</strong></span> <span class='ocrx_word' id='word_1_131' title='bbox 725 1968 814 2028; x_wconf 83' lang='lat' dir='ltr'><strong>Festa</strong></span> <span class='ocrx_word' id='word_1_132' title='bbox 841 1964 1031 2027; x_wconf 88' lang='lat' dir='ltr'><strong>Sanctorum</strong></span> <span class='ocrx_word' id='word_1_133' title='bbox 1062 1968 1094 2022; x_wconf 88' lang='lat' dir='ltr'><strong>et</strong></span> 
     </span>
     <span class='ocr_line' id='line_1_19' title="bbox 85 2059 1093 2147; baseline -0.008 -21"><span class='ocrx_word' id='word_1_134' title='bbox 85 2080 198 2126; x_wconf 89' lang='lat' dir='ltr'><strong>eorum</strong></span> <span class='ocrx_word' id='word_1_135' title='bbox 223 2059 540 2135; x_wconf 84' lang='lat' dir='ltr'><strong>Commemorationes,</strong></span> <span class='ocrx_word' id='word_1_136' title='bbox 570 2083 641 2147; x_wconf 86' lang='lat' dir='ltr'><strong>quae</strong></span> <span class='ocrx_word' id='word_1_137' title='bbox 657 2062 777 2128; x_wconf 91' lang='lat' dir='ltr'><strong>Votivis</strong></span> <span class='ocrx_word' id='word_1_138' title='bbox 801 2067 1009 2145; x_wconf 74' lang='lat' dir='ltr'><strong>peraguntur,</strong></span> <span class='ocrx_word' id='word_1_139' title='bbox 1028 2077 1093 2119; x_wconf 91' lang='lat' dir='ltr'><strong>non</strong></span> 
     </span>
     <span class='ocr_line' id='line_1_20' title="bbox 83 2154 657 2239; baseline 0 -21"><span class='ocrx_word' id='word_1_140' title='bbox 83 2155 202 2220; x_wconf 88' lang='lat' dir='ltr'><strong>dicitur</strong></span> <span class='ocrx_word' id='word_1_141' title='bbox 215 2155 248 2216; x_wconf 94' lang='lat' dir='ltr'><strong>in</strong></span> <span class='ocrx_word' id='word_1_142' title='bbox 264 2154 363 2218; x_wconf 86' lang='lat' dir='ltr'><strong>Missis</strong></span> <span class='ocrx_word' id='word_1_143' title='bbox 378 2155 499 2221; x_wconf 82' lang='lat' dir='ltr'><strong>Votivis</strong></span> <span class='ocrx_word' id='word_1_144' title='bbox 514 2154 657 2239; x_wconf 89' lang='lat' dir='ltr'><strong>privatis.</strong></span> 
     </span>
    </p>

    <p class='ocr_par' dir='ltr' id='par_1_7' title="bbox 82 2245 1096 2805">
     <span class='ocr_line' id='line_1_21' title="bbox 126 2245 1095 2333; baseline -0.006 -21"><span class='ocrx_word' id='word_1_145' title='bbox 126 2249 291 2333; x_wconf 84' lang='lat' dir='ltr'><strong>Excipitur</strong></span> <span class='ocrx_word' id='word_1_146' title='bbox 303 2251 335 2312; x_wconf 82' lang='lat'><strong>1⁰</strong></span> <span class='ocrx_word' id='word_1_147' title='bbox 353 2249 468 2314; x_wconf 85' lang='lat' dir='ltr'><strong>Votiva</strong></span> <span class='ocrx_word' id='word_1_148' title='bbox 481 2247 523 2312; x_wconf 92' lang='lat' dir='ltr'><strong>de</strong></span> <span class='ocrx_word' id='word_1_149' title='bbox 537 2248 570 2313; x_wconf 91' lang='lat' dir='ltr'><strong>S.</strong></span> <span class='ocrx_word' id='word_1_150' title='bbox 585 2250 686 2313; x_wconf 89' lang='lat' dir='ltr'><strong>Maria</strong></span> <span class='ocrx_word' id='word_1_151' title='bbox 709 2249 734 2312; x_wconf 90' lang='lat' dir='ltr'><strong>si</strong></span> <span class='ocrx_word' id='word_1_152' title='bbox 749 2249 781 2312; x_wconf 94' lang='lat' dir='ltr'><strong>in</strong></span> <span class='ocrx_word' id='word_1_153' title='bbox 793 2247 935 2312; x_wconf 84' lang='lat' dir='ltr'><strong>Sabbato</strong></span> <span class='ocrx_word' id='word_1_154' title='bbox 947 2245 1095 2311; x_wconf 87' lang='lat' dir='ltr'><strong>celebre-</strong></span> 
     </span>
     <span class='ocr_line' id='line_1_22' title="bbox 84 2339 1096 2428; baseline -0.006 -22"><span class='ocrx_word' id='word_1_155' title='bbox 84 2353 135 2406; x_wconf 89' lang='lat' dir='ltr'><strong>tur</strong></span> <span class='ocrx_word' id='word_1_156' title='bbox 151 2367 161 2425; x_wconf 91' lang='lat'>;</span> <span class='ocrx_word' id='word_1_157' title='bbox 182 2342 259 2428; x_wconf 89' lang='lat' dir='ltr'><strong>quia</strong></span> <span class='ocrx_word' id='word_1_158' title='bbox 272 2342 339 2405; x_wconf 84' lang='lat' dir='ltr'><strong>baeo</strong></span> <span class='ocrx_word' id='word_1_159' title='bbox 353 2341 420 2406; x_wconf 89' lang='lat' dir='ltr'><strong>dies</strong></span> <span class='ocrx_word' id='word_1_160' title='bbox 433 2341 579 2405; x_wconf 93' lang='lat' dir='ltr'><strong>nonnihil</strong></span> <span class='ocrx_word' id='word_1_161' title='bbox 600 2341 698 2405; x_wconf 88' lang='lat' dir='ltr'><strong>habet</strong></span> <span class='ocrx_word' id='word_1_162' title='bbox 714 2340 920 2406; x_wconf 81' lang='lat' dir='ltr'><strong>solemnitatis</strong></span> <span class='ocrx_word' id='word_1_163' title='bbox 941 2341 974 2402; x_wconf 92' lang='lat' dir='ltr'><strong>in</strong></span> <span class='ocrx_word' id='word_1_164' title='bbox 987 2339 1096 2402; x_wconf 93' lang='lat' dir='ltr'><strong>bono-</strong></span> 
     </span>
     <span class='ocr_line' id='line_1_23' title="bbox 83 2431 1095 2518; baseline -0.006 -20"><span class='ocrx_word' id='word_1_165' title='bbox 83 2457 152 2499; x_wconf 91' lang='lat' dir='ltr'><strong>rem</strong></span> <span class='ocrx_word' id='word_1_166' title='bbox 166 2435 204 2500; x_wconf 90' lang='lat' dir='ltr'><strong>B.</strong></span> <span class='ocrx_word' id='word_1_167' title='bbox 222 2436 266 2499; x_wconf 88' lang='lat' dir='ltr'><strong>M.</strong></span> <span class='ocrx_word' id='word_1_168' title='bbox 280 2435 335 2517; x_wconf 89' lang='lat' dir='ltr'><strong>V.,</strong></span> <span class='ocrx_word' id='word_1_169' title='bbox 351 2436 383 2497; x_wconf 81' lang='grc'><strong>1</strong></span> <span class='ocrx_word' id='word_1_170' title='bbox 406 2435 518 2501; x_wconf 87' lang='lat' dir='ltr'><strong>Votiva</strong></span> <span class='ocrx_word' id='word_1_171' title='bbox 531 2432 586 2496; x_wconf 91' lang='lat' dir='ltr'><strong>SS.</strong></span> <span class='ocrx_word' id='word_1_172' title='bbox 601 2433 811 2518; x_wconf 83' lang='lat' dir='ltr'><strong>Angelorum,</strong></span> <span class='ocrx_word' id='word_1_173' title='bbox 826 2455 846 2497; x_wconf 89' lang='lat' dir='ltr'><strong>a</strong></span> <span class='ocrx_word' id='word_1_174' title='bbox 859 2432 975 2518; x_wconf 88' lang='lat' dir='ltr'><strong>quibus</strong></span> <span class='ocrx_word' id='word_1_175' title='bbox 991 2431 1095 2516; x_wconf 90' lang='lat' dir='ltr'><strong>prima</strong></span> 
     </span>
     <span class='ocr_line' id='line_1_24' title="bbox 82 2523 1096 2617; baseline -0.008 -23"><span class='ocrx_word' id='word_1_176' title='bbox 82 2532 199 2617; x_wconf 85' lang='lat' dir='ltr'><strong>Hymni</strong></span> <span class='ocrx_word' id='word_1_177' title='bbox 218 2529 355 2614; x_wconf 85' lang='lat' dir='ltr'><strong>angelici</strong></span> <span class='ocrx_word' id='word_1_178' title='bbox 377 2528 476 2593; x_wconf 86' lang='lat' dir='ltr'><strong>verba</strong></span> <span class='ocrx_word' id='word_1_179' title='bbox 495 2527 626 2591; x_wconf 88' lang='lat' dir='ltr'><strong>fuerunt</strong></span> <span class='ocrx_word' id='word_1_180' title='bbox 646 2536 784 2610; x_wconf 72' lang='lat' dir='ltr'><strong>oanmta,</strong></span> <span class='ocrx_word' id='word_1_181' title='bbox 803 2527 836 2592; x_wconf 78' lang='lat'><strong>5⁰</strong></span> <span class='ocrx_word' id='word_1_182' title='bbox 853 2526 968 2591; x_wconf 85' lang='lat' dir='ltr'><strong>Votiva</strong></span> <span class='ocrx_word' id='word_1_183' title='bbox 984 2523 1096 2609; x_wconf 86' lang='lat' dir='ltr'><strong>cujus-</strong></span> 
     </span>
     <span class='ocr_line' id='line_1_25' title="bbox 82 2616 1096 2712; baseline -0.009 -23"><span class='ocrx_word' id='word_1_184' title='bbox 82 2645 223 2712; x_wconf 88' lang='lat' dir='ltr'><strong>cmnque</strong></span> <span class='ocrx_word' id='word_1_185' title='bbox 239 2624 346 2688; x_wconf 86' lang='lat' dir='ltr'><strong>Sancti</strong></span> <span class='ocrx_word' id='word_1_186' title='bbox 363 2621 442 2691; x_wconf 91' lang='lat' dir='ltr'><strong>dum</strong></span> <span class='ocrx_word' id='word_1_187' title='bbox 458 2622 573 2706; x_wconf 83' lang='lat' dir='ltr'><strong>legitur</strong></span> <span class='ocrx_word' id='word_1_188' title='bbox 595 2622 627 2685; x_wconf 90' lang='lat' dir='ltr'><strong>in</strong></span> <span class='ocrx_word' id='word_1_189' title='bbox 647 2619 715 2706; x_wconf 88' lang='lat' dir='ltr'><strong>ejus</strong></span> <span class='ocrx_word' id='word_1_190' title='bbox 730 2620 782 2684; x_wconf 95' lang='lat' dir='ltr'><strong>die</strong></span> <span class='ocrx_word' id='word_1_191' title='bbox 805 2619 911 2693; x_wconf 83' lang='lat' dir='ltr'><strong>obitas,</strong></span> <span class='ocrx_word' id='word_1_192' title='bbox 936 2640 967 2683; x_wconf 92' lang='lat' dir='ltr'><strong>v.</strong></span> <span class='ocrx_word' id='word_1_193' title='bbox 996 2638 1027 2702; x_wconf 83' lang='lat' dir='ltr'><strong>g.</strong></span> <span class='ocrx_word' id='word_1_194' title='bbox 1054 2616 1096 2679; x_wconf 82' lang='grc'><strong>15</strong></span> 
     </span>
     <span class='ocr_line' id='line_1_26' title="bbox 82 2713 1096 2805; baseline -0.01 -21"><span class='ocrx_word' id='word_1_195' title='bbox 82 2718 280 2805; x_wconf 87' lang='lat' dir='ltr'><strong>Septembris</strong></span> <span class='ocrx_word' id='word_1_196' title='bbox 315 2719 455 2782; x_wconf 87' lang='lat' dir='ltr'><strong>occurrit</strong></span> <span class='ocrx_word' id='word_1_197' title='bbox 476 2719 598 2780; x_wconf 83' lang='lat' dir='ltr'><strong>Festum</strong></span> <span class='ocrx_word' id='word_1_198' title='bbox 632 2716 667 2780; x_wconf 91' lang='lat' dir='ltr'><strong>S.</strong></span> <span class='ocrx_word' id='word_1_199' title='bbox 705 2719 787 2786; x_wconf 79' lang='lat' dir='ltr'><strong>tini,</strong></span> <span class='ocrx_word' id='word_1_200' title='bbox 812 2713 1007 2798; x_wconf 82' lang='lat' dir='ltr'><strong>Semidaplea</strong></span> <span class='ocrx_word' id='word_1_201' title='bbox 1029 2733 1096 2774; x_wconf 85' lang='lat' dir='ltr'><strong>eam</strong></span> 
     </span>
    </p>
   </div>
   <div class='ocr_carea' id='block_1_3' title="bbox 83 2806 1210 2898">
    <p class='ocr_par' dir='ltr' id='par_1_8' title="bbox 83 2806 1210 2898">
     <span class='ocr_line' id='line_1_27' title="bbox 83 2806 1210 2898; baseline -0.012 -19"><span class='ocrx_word' id='word_1_202' title='bbox 83 2814 374 2879; x_wconf 82' lang='lat' dir='ltr'><strong>Commemoratione</strong></span> <span class='ocrx_word' id='word_1_203' title='bbox 388 2813 422 2875; x_wconf 90' lang='lat' dir='ltr'><strong>S.</strong></span> <span class='ocrx_word' id='word_1_204' title='bbox 444 2810 579 2892; x_wconf 80' lang='lat' dir='ltr'><strong>Tbeciae5</strong></span> <span class='ocrx_word' id='word_1_205' title='bbox 597 2811 622 2875; x_wconf 89' lang='lat' dir='ltr'><strong>si</strong></span> <span class='ocrx_word' id='word_1_206' title='bbox 638 2813 710 2898; x_wconf 90' lang='lat' dir='ltr'><strong>quis</strong></span> <span class='ocrx_word' id='word_1_207' title='bbox 725 2833 763 2875; x_wconf 93' lang='lat' dir='ltr'><strong>eo</strong></span> <span class='ocrx_word' id='word_1_208' title='bbox 780 2810 832 2874; x_wconf 91' lang='lat' dir='ltr'><strong>die</strong></span> <span class='ocrx_word' id='word_1_209' title='bbox 856 2808 897 2873; x_wconf 89' lang='lat' dir='ltr'><strong>de</strong></span> <span class='ocrx_word' id='word_1_210' title='bbox 920 2808 952 2871; x_wconf 91' lang='lat' dir='ltr'><strong>S.</strong></span> <span class='ocrx_word' id='word_1_211' title='bbox 978 2806 1097 2870; x_wconf 87' lang='lat' dir='ltr'><strong>Thecla</strong></span> <span class='ocrx_word' id='word_1_212' title='bbox 1208 2839 1210 2843; x_wconf 68' lang='lat'><strong>,</strong></span> 
     </span>
    </p>
   </div>
   <div class='ocr_carea' id='block_1_4' title="bbox 8 2903 1142 4220">
    <p class='ocr_par' dir='ltr' id='par_1_9' title="bbox 81 2903 1097 3276">
     <span class='ocr_line' id='line_1_28' title="bbox 81 2903 1097 2988; baseline -0.011 -15"><span class='ocrx_word' id='word_1_213' title='bbox 81 2908 233 2974; x_wconf 87' lang='lat' dir='ltr'><strong>Votivam</strong></span> <span class='ocrx_word' id='word_1_214' title='bbox 249 2905 414 2980; x_wconf 86' lang='lat' dir='ltr'><strong>celebrare</strong></span> <span class='ocrx_word' id='word_1_215' title='bbox 425 2906 535 2988; x_wconf 88' lang='lat' dir='ltr'><strong>vellet,</strong></span> <span class='ocrx_word' id='word_1_216' title='bbox 550 2903 723 2969; x_wconf 89' lang='lat' dir='ltr'><strong>dicendum</strong></span> <span class='ocrx_word' id='word_1_217' title='bbox 737 2913 818 2968; x_wconf 84' lang='lat' dir='ltr'><strong>osset</strong></span> <span class='ocrx_word' id='word_1_218' title='bbox 836 2903 957 2976; x_wconf 80' lang='lat' dir='ltr'><strong>Gloria,</strong></span> <span class='ocrx_word' id='word_1_219' title='bbox 975 2911 1006 2966; x_wconf 91' lang='lat' dir='ltr'><strong>et</strong></span> <span class='ocrx_word' id='word_1_220' title='bbox 1020 2908 1097 2964; x_wconf 89' lang='lat' dir='ltr'><strong>tuno</strong></span> 
     </span>
     <span class='ocr_line' id='line_1_29' title="bbox 81 2994 1096 3086; baseline -0.008 -22"><span class='ocrx_word' id='word_1_221' title='bbox 81 3003 137 3066; x_wconf 85' lang='lat' dir='ltr'><strong>illa</strong></span> <span class='ocrx_word' id='word_1_222' title='bbox 153 3001 269 3067; x_wconf 83' lang='lat' dir='ltr'><strong>Votiva</strong></span> <span class='ocrx_word' id='word_1_223' title='bbox 282 3000 316 3064; x_wconf 89' lang='lat' dir='ltr'><strong>fit</strong></span> <span class='ocrx_word' id='word_1_224' title='bbox 328 3002 523 3086; x_wconf 66' lang='lat' dir='ltr'><strong>semitertius.</strong></span> <span class='ocrx_word' id='word_1_225' title='bbox 542 3000 597 3064; x_wconf 91' lang='lat' dir='ltr'><strong>Est</strong></span> <span class='ocrx_word' id='word_1_226' title='bbox 618 3001 705 3064; x_wconf 92' lang='lat' dir='ltr'><strong>enim</strong></span> <span class='ocrx_word' id='word_1_227' title='bbox 729 3000 846 3085; x_wconf 89' lang='lat' dir='ltr'><strong>partim</strong></span> <span class='ocrx_word' id='word_1_228' title='bbox 870 2998 995 3079; x_wconf 85' lang='lat' dir='ltr'><strong>Votiva,</strong></span> <span class='ocrx_word' id='word_1_229' title='bbox 1021 2994 1096 3080; x_wconf 90' lang='lat' dir='ltr'><strong>quia</strong></span> 
     </span>
     <span class='ocr_line' id='line_1_30' title="bbox 81 3086 1097 3181; baseline -0.009 -23"><span class='ocrx_word' id='word_1_230' title='bbox 81 3095 195 3160; x_wconf 91' lang='lat' dir='ltr'><strong>Officio</strong></span> <span class='ocrx_word' id='word_1_231' title='bbox 208 3117 273 3160; x_wconf 93' lang='lat' dir='ltr'><strong>non</strong></span> <span class='ocrx_word' id='word_1_232' title='bbox 286 3094 525 3181; x_wconf 86' lang='lat' dir='ltr'><strong>correspondet,</strong></span> <span class='ocrx_word' id='word_1_233' title='bbox 546 3104 575 3158; x_wconf 91' lang='lat' dir='ltr'><strong>et</strong></span> <span class='ocrx_word' id='word_1_234' title='bbox 588 3096 708 3179; x_wconf 92' lang='lat' dir='ltr'><strong>partim</strong></span> <span class='ocrx_word' id='word_1_235' title='bbox 720 3094 856 3176; x_wconf 79' lang='lat' dir='ltr'><strong>Festive,</strong></span> <span class='ocrx_word' id='word_1_236' title='bbox 882 3092 959 3178; x_wconf 91' lang='lat' dir='ltr'><strong>quia</strong></span> <span class='ocrx_word' id='word_1_237' title='bbox 982 3110 1020 3152; x_wconf 91' lang='lat' dir='ltr'><strong>eo</strong></span> <span class='ocrx_word' id='word_1_238' title='bbox 1044 3086 1097 3151; x_wconf 89' lang='lat' dir='ltr'><strong>die</strong></span> 
     </span>
     <span class='ocr_line' id='line_1_31' title="bbox 82 3179 1095 3276; baseline -0.011 -22"><span class='ocrx_word' id='word_1_239' title='bbox 82 3191 163 3254; x_wconf 92' lang='lat' dir='ltr'><strong>obiit</strong></span> <span class='ocrx_word' id='word_1_240' title='bbox 186 3190 302 3254; x_wconf 88' lang='lat' dir='ltr'><strong>Sancta</strong></span> <span class='ocrx_word' id='word_1_241' title='bbox 326 3188 367 3252; x_wconf 90' lang='lat' dir='ltr'><strong>de</strong></span> <span class='ocrx_word' id='word_1_242' title='bbox 391 3211 456 3276; x_wconf 85' lang='lat' dir='ltr'><strong>qua</strong></span> <span class='ocrx_word' id='word_1_243' title='bbox 478 3190 595 3274; x_wconf 82' lang='lat' dir='ltr'><strong>legitur</strong></span> <span class='ocrx_word' id='word_1_244' title='bbox 618 3189 733 3255; x_wconf 86' lang='lat' dir='ltr'><strong>Votiva</strong></span> <span class='ocrx_word' id='word_1_245' title='bbox 761 3188 834 3273; x_wconf 88' lang='lat' dir='ltr'><strong>(Tit.</strong></span> <span class='ocrx_word' id='word_1_246' title='bbox 876 3185 964 3268; x_wconf 89' lang='lat' dir='ltr'><strong>VIII,</strong></span> <span class='ocrx_word' id='word_1_247' title='bbox 988 3206 1022 3248; x_wconf 93' lang='lat' dir='ltr'><strong>n.</strong></span> <span class='ocrx_word' id='word_1_248' title='bbox 1049 3179 1095 3266; x_wconf 79' lang='lat' dir='ltr'><strong>d).</strong></span> 
     </span>
    </p>

    <p class='ocr_par' dir='ltr' id='par_1_10' title="bbox 125 3279 1016 3366">
     <span class='ocr_line' id='line_1_32' title="bbox 125 3279 1016 3366; baseline -0.008 -18"><span class='ocrx_word' id='word_1_249' title='bbox 125 3285 246 3366; x_wconf 77' lang='lat' dir='ltr'><strong>Quaest.</strong></span> <span class='ocrx_word' id='word_1_250' title='bbox 263 3286 338 3348; x_wconf 89' lang='grc'><strong>119.</strong></span> <span class='ocrx_word' id='word_1_251' title='bbox 357 3284 437 3363; x_wconf 81' lang='lat' dir='ltr'><strong>Quot</strong></span> <span class='ocrx_word' id='word_1_252' title='bbox 452 3283 614 3349; x_wconf 83' lang='lat' dir='ltr'><strong>Orationes</strong></span> <span class='ocrx_word' id='word_1_253' title='bbox 628 3295 699 3347; x_wconf 89' lang='lat' dir='ltr'><strong>sant</strong></span> <span class='ocrx_word' id='word_1_254' title='bbox 715 3279 876 3346; x_wconf 81' lang='lat' dir='ltr'><strong>dicenda?</strong></span> <span class='ocrx_word' id='word_1_255' title='bbox 1013 3293 1016 3298; x_wconf 85' lang='lat'>&#39;</span> 
     </span>
    </p>

    <p class='ocr_par' dir='ltr' id='par_1_11' title="bbox 8 3374 1142 3934">
     <span class='ocr_line' id='line_1_33' title="bbox 124 3374 1098 3462; baseline -0.01 -21"><span class='ocrx_word' id='word_1_256' title='bbox 124 3380 169 3442; x_wconf 86' lang='lat' dir='ltr'><strong>R.</strong></span> <span class='ocrx_word' id='word_1_257' title='bbox 193 3378 319 3462; x_wconf 82' lang='lat' dir='ltr'><strong>Regula</strong></span> <span class='ocrx_word' id='word_1_258' title='bbox 343 3386 400 3460; x_wconf 87' lang='lat' dir='ltr'><strong>est,</strong></span> <span class='ocrx_word' id='word_1_259' title='bbox 425 3385 472 3440; x_wconf 92' lang='lat' dir='ltr'><strong>tot</strong></span> <span class='ocrx_word' id='word_1_260' title='bbox 495 3385 573 3462; x_wconf 85' lang='lat' dir='ltr'><strong>quot</strong></span> <span class='ocrx_word' id='word_1_261' title='bbox 595 3377 628 3438; x_wconf 92' lang='lat' dir='ltr'><strong>in</strong></span> <span class='ocrx_word' id='word_1_262' title='bbox 651 3374 865 3460; x_wconf 89' lang='lat' dir='ltr'><strong>Simplicibus,</strong></span> <span class='ocrx_word' id='word_1_263' title='bbox 884 3390 1023 3458; x_wconf 86' lang='lat' dir='ltr'><strong>quorum</strong></span> <span class='ocrx_word' id='word_1_264' title='bbox 1038 3390 1098 3431; x_wconf 91' lang='lat' dir='ltr'><strong>na-</strong></span> 
     </span>
     <span class='ocr_line' id='line_1_34' title="bbox 81 3466 1098 3557; baseline -0.013 -18"><span class='ocrx_word' id='word_1_265' title='bbox 81 3483 189 3539; x_wconf 87' lang='lat' dir='ltr'><strong>turam</strong></span> <span class='ocrx_word' id='word_1_266' title='bbox 205 3471 343 3536; x_wconf 92' lang='lat' dir='ltr'><strong>induunt</strong></span> <span class='ocrx_word' id='word_1_267' title='bbox 357 3474 458 3537; x_wconf 87' lang='lat' dir='ltr'><strong>Missae</strong></span> <span class='ocrx_word' id='word_1_268' title='bbox 479 3472 601 3537; x_wconf 82' lang='lat' dir='ltr'><strong>Votivae</strong></span> <span class='ocrx_word' id='word_1_269' title='bbox 623 3472 754 3557; x_wconf 63' lang='lat' dir='ltr'><strong>privata*</strong></span> <span class='ocrx_word' id='word_1_270' title='bbox 773 3492 781 3532; x_wconf 77' lang='grc' dir='ltr'><strong>ι</strong></span> <span class='ocrx_word' id='word_1_271' title='bbox 799 3488 876 3553; x_wconf 82' lang='lat' dir='ltr'><strong>ergo</strong></span> <span class='ocrx_word' id='word_1_272' title='bbox 900 3466 1014 3529; x_wconf 88' lang='lat' dir='ltr'><strong>saltem</strong></span> <span class='ocrx_word' id='word_1_273' title='bbox 1039 3475 1098 3526; x_wconf 87' lang='lat' dir='ltr'><strong>tres</strong></span> 
     </span>
     <span class='ocr_line' id='line_1_35' title="bbox 81 3559 1142 3651; baseline -0.011 -20"><span class='ocrx_word' id='word_1_274' title='bbox 81 3567 146 3632; x_wconf 91' lang='lat' dir='ltr'><strong>dici</strong></span> <span class='ocrx_word' id='word_1_275' title='bbox 164 3565 298 3650; x_wconf 83' lang='lat' dir='ltr'><strong>debent3</strong></span> <span class='ocrx_word' id='word_1_276' title='bbox 315 3575 446 3651; x_wconf 89' lang='lat' dir='ltr'><strong>possunt</strong></span> <span class='ocrx_word' id='word_1_277' title='bbox 461 3575 570 3630; x_wconf 87' lang='lat' dir='ltr'><strong>tamen</strong></span> <span class='ocrx_word' id='word_1_278' title='bbox 584 3563 648 3629; x_wconf 85' lang='lat' dir='ltr'><strong>diei</strong></span> <span class='ocrx_word' id='word_1_279' title='bbox 661 3565 769 3649; x_wconf 87' lang='lat' dir='ltr'><strong>plures</strong></span> <span class='ocrx_word' id='word_1_280' title='bbox 785 3561 826 3627; x_wconf 89' lang='lat' dir='ltr'><strong>ad</strong></span> <span class='ocrx_word' id='word_1_281' title='bbox 851 3559 1020 3625; x_wconf 91' lang='lat' dir='ltr'><strong>arbitrium</strong></span> <span class='ocrx_word' id='word_1_282' title='bbox 1043 3579 1098 3620; x_wconf 89' lang='lat' dir='ltr'><strong>sa·</strong></span> <span class='ocrx_word' id='word_1_283' title='bbox 1138 3568 1142 3576; x_wconf 85' lang='lat'>&#39;</span> 
     </span>
     <span class='ocr_line' id='line_1_36' title="bbox 82 3652 1111 3746; baseline -0.016 -18"><span class='ocrx_word' id='word_1_284' title='bbox 82 3661 234 3742; x_wconf 86' lang='lat' dir='ltr'><strong>cerdotis,</strong></span> <span class='ocrx_word' id='word_1_285' title='bbox 252 3661 370 3726; x_wconf 91' lang='lat' dir='ltr'><strong>scilicet</strong></span> <span class='ocrx_word' id='word_1_286' title='bbox 381 3656 594 3746; x_wconf 77' lang='lat' dir='ltr'><strong>quinque,&#39;vcl</strong></span> <span class='ocrx_word' id='word_1_287' title='bbox 606 3656 648 3723; x_wconf 92' lang='lat' dir='ltr'><strong>ad</strong></span> <span class='ocrx_word' id='word_1_288' title='bbox 660 3677 823 3721; x_wconf 91' lang='lat' dir='ltr'><strong>summum</strong></span> <span class='ocrx_word' id='word_1_289' title='bbox 833 3666 956 3739; x_wconf 82' lang='lat' dir='ltr'><strong>septem.</strong></span> <span class='ocrx_word' id='word_1_290' title='bbox 971 3652 1004 3714; x_wconf 90' lang='lat' dir='ltr'><strong>Si</strong></span> <span class='ocrx_word' id='word_1_291' title='bbox 1020 3670 1111 3735; x_wconf 56' lang='lat' dir='ltr'><strong>ergo,</strong></span> 
     </span>
     <span class='ocr_line' id='line_1_37' title="bbox 8 3746 1098 3840; baseline -0.015 -17"><span class='ocrx_word' id='word_1_292' title='bbox 8 3747 9 3752; x_wconf 8' lang='grc' dir='ltr'>ἵ</span> <span class='ocrx_word' id='word_1_293' title='bbox 82 3757 216 3822; x_wconf 84' lang='lat' dir='ltr'><strong>arbitrio</strong></span> <span class='ocrx_word' id='word_1_294' title='bbox 240 3751 413 3820; x_wconf 88' lang='lat' dir='ltr'><strong>sacerdotis</strong></span> <span class='ocrx_word' id='word_1_295' title='bbox 436 3752 585 3840; x_wconf 88' lang='lat' dir='ltr'><strong>quoedam</strong></span> <span class='ocrx_word' id='word_1_296' title='bbox 607 3751 774 3815; x_wconf 88' lang='lat' dir='ltr'><strong>Orationes</strong></span> <span class='ocrx_word' id='word_1_297' title='bbox 801 3749 976 3827; x_wconf 86' lang='lat' dir='ltr'><strong>adduntur,</strong></span> <span class='ocrx_word' id='word_1_298' title='bbox 1002 3746 1098 3810; x_wconf 91' lang='lat' dir='ltr'><strong>simul</strong></span> 
     </span>
     <span class='ocr_line' id='line_1_38' title="bbox 83 3841 1031 3934; baseline -0.012 -18"><span class='ocrx_word' id='word_1_299' title='bbox 83 3872 160 3916; x_wconf 88' lang='lat' dir='ltr'><strong>eum</strong></span> <span class='ocrx_word' id='word_1_300' title='bbox 177 3851 247 3915; x_wconf 91' lang='lat' dir='ltr'><strong>aliis</strong></span> <span class='ocrx_word' id='word_1_301' title='bbox 267 3852 328 3914; x_wconf 93' lang='lat' dir='ltr'><strong>sint</strong></span> <span class='ocrx_word' id='word_1_302' title='bbox 342 3871 477 3913; x_wconf 89' lang='lat' dir='ltr'><strong>numero</strong></span> <span class='ocrx_word' id='word_1_303' title='bbox 492 3851 631 3934; x_wconf 88' lang='lat' dir='ltr'><strong>impares</strong></span> <span class='ocrx_word' id='word_1_304' title='bbox 645 3841 719 3934; x_wconf 81' lang='lat' dir='ltr'><strong>(Tit.</strong></span> <span class='ocrx_word' id='word_1_305' title='bbox 738 3846 794 3928; x_wconf 87' lang='lat' dir='ltr'><strong>IX,</strong></span> <span class='ocrx_word' id='word_1_306' title='bbox 810 3868 843 3909; x_wconf 91' lang='lat' dir='ltr'><strong>n.</strong></span> <span class='ocrx_word' id='word_1_307' title='bbox 862 3845 904 3908; x_wconf 81' lang='grc'><strong>11</strong></span> <span class='ocrx_word' id='word_1_308' title='bbox 916 3852 947 3908; x_wconf 93' lang='lat' dir='ltr'><strong>et</strong></span> <span class='ocrx_word' id='word_1_309' title='bbox 963 3841 1031 3927; x_wconf 92' lang='grc'><strong>11).</strong></span> 
     </span>
    </p>

    <p class='ocr_par' dir='ltr' id='par_1_12' title="bbox 127 3934 1013 4024">
     <span class='ocr_line' id='line_1_39' title="bbox 127 3934 1013 4024; baseline -0.011 -17"><span class='ocrx_word' id='word_1_310' title='bbox 127 3944 247 4024; x_wconf 81' lang='lat' dir='ltr'><strong>Quaest.</strong></span> <span class='ocrx_word' id='word_1_311' title='bbox 266 3943 341 4007; x_wconf 86' lang='grc'><strong>110.</strong></span> <span class='ocrx_word' id='word_1_312' title='bbox 359 3942 434 4021; x_wconf 75' lang='lat' dir='ltr'><strong>Quae</strong></span> <span class='ocrx_word' id='word_1_313' title='bbox 445 3942 587 4005; x_wconf 84' lang='lat' dir='ltr'><strong>dicantar</strong></span> <span class='ocrx_word' id='word_1_314' title='bbox 600 3939 762 4006; x_wconf 84' lang='lat' dir='ltr'><strong>Orationes</strong></span> <span class='ocrx_word' id='word_1_315' title='bbox 774 3950 803 4002; x_wconf 89' lang='lat' dir='ltr'><strong>et</strong></span> <span class='ocrx_word' id='word_1_316' title='bbox 814 3958 872 4023; x_wconf 83' lang='lat' dir='ltr'><strong>qao</strong></span> <span class='ocrx_word' id='word_1_317' title='bbox 882 3934 1013 4000; x_wconf 82' lang='lat' dir='ltr'><strong>ordine?</strong></span> 
     </span>
    </p>

    <p class='ocr_par' dir='ltr' id='par_1_13' title="bbox 88 4027 1100 4220">
     <span class='ocr_line' id='line_1_40' title="bbox 129 4027 1100 4121; baseline -0.008 -21"><span class='ocrx_word' id='word_1_318' title='bbox 129 4039 174 4101; x_wconf 89' lang='lat' dir='ltr'><strong>R.</strong></span> <span class='ocrx_word' id='word_1_319' title='bbox 188 4036 296 4100; x_wconf 88' lang='lat' dir='ltr'><strong>Prima</strong></span> <span class='ocrx_word' id='word_1_320' title='bbox 309 4035 417 4100; x_wconf 88' lang='lat' dir='ltr'><strong>Oratio</strong></span> <span class='ocrx_word' id='word_1_321' title='bbox 431 4046 477 4100; x_wconf 88' lang='lat' dir='ltr'><strong>est</strong></span> <span class='ocrx_word' id='word_1_322' title='bbox 488 4037 557 4121; x_wconf 89' lang='lat' dir='ltr'><strong>ipsa</strong></span> <span class='ocrx_word' id='word_1_323' title='bbox 570 4035 678 4099; x_wconf 85' lang='lat' dir='ltr'><strong>Oratio</strong></span> <span class='ocrx_word' id='word_1_324' title='bbox 694 4035 795 4098; x_wconf 79' lang='lat' dir='ltr'><strong>Missae</strong></span> <span class='ocrx_word' id='word_1_325' title='bbox 810 4034 944 4115; x_wconf 80' lang='lat' dir='ltr'><strong>Votivee,</strong></span> <span class='ocrx_word' id='word_1_326' title='bbox 959 4027 1100 4095; x_wconf 87' lang='lat' dir='ltr'><strong>secunda</strong></span> 
     </span>
     <span class='ocr_line' id='line_1_41' title="bbox 88 4123 1100 4220; baseline -0.01 -24"><span class='ocrx_word' id='word_1_327' title='bbox 88 4153 162 4220; x_wconf 86' lang='lat' dir='ltr'><strong>quae</strong></span> <span class='ocrx_word' id='word_1_328' title='bbox 177 4130 288 4196; x_wconf 87' lang='lat' dir='ltr'><strong>Officio</strong></span> <span class='ocrx_word' id='word_1_329' title='bbox 304 4130 366 4194; x_wconf 90' lang='lat' dir='ltr'><strong>diei</strong></span> <span class='ocrx_word' id='word_1_330' title='bbox 391 4128 631 4216; x_wconf 87' lang='lat' dir='ltr'><strong>correspondet,</strong></span> <span class='ocrx_word' id='word_1_331' title='bbox 656 4131 747 4194; x_wconf 89' lang='lat' dir='ltr'><strong>tertia</strong></span> <span class='ocrx_word' id='word_1_332' title='bbox 770 4149 841 4215; x_wconf 73' lang='lat' dir='ltr'><strong>quae</strong></span> <span class='ocrx_word' id='word_1_333' title='bbox 863 4127 897 4191; x_wconf 93' lang='lat' dir='ltr'><strong>in</strong></span> <span class='ocrx_word' id='word_1_334' title='bbox 920 4125 1013 4189; x_wconf 90' lang='lat' dir='ltr'><strong>Missa</strong></span> <span class='ocrx_word' id='word_1_335' title='bbox 1036 4123 1100 4188; x_wconf 87' lang='lat' dir='ltr'><strong>diei</strong></span> 
     </span>
    </p>
   </div>
   <div class='ocr_carea' id='block_1_5' title="bbox 87 4218 1097 4314">
    <p class='ocr_par' dir='ltr' id='par_1_14' title="bbox 87 4218 1097 4314">
     <span class='ocr_line' id='line_1_42' title="bbox 87 4218 1097 4314; baseline -0.012 -20"><span class='ocrx_word' id='word_1_336' title='bbox 87 4225 230 4294; x_wconf 90' lang='lat' dir='ltr'><strong>secundo</strong></span> <span class='ocrx_word' id='word_1_337' title='bbox 244 4228 316 4292; x_wconf 84' lang='lat' dir='ltr'><strong>loeo</strong></span> <span class='ocrx_word' id='word_1_338' title='bbox 331 4224 394 4291; x_wconf 90' lang='lat' dir='ltr'><strong>dici</strong></span> <span class='ocrx_word' id='word_1_339' title='bbox 407 4225 568 4291; x_wconf 89' lang='lat' dir='ltr'><strong>debuisset</strong></span> <span class='ocrx_word' id='word_1_340' title='bbox 588 4225 662 4314; x_wconf 81' lang='lat' dir='ltr'><strong>(Tit.</strong></span> <span class='ocrx_word' id='word_1_341' title='bbox 691 4223 747 4307; x_wconf 86' lang='lat' dir='ltr'><strong>IV,</strong></span> <span class='ocrx_word' id='word_1_342' title='bbox 773 4247 805 4288; x_wconf 94' lang='lat' dir='ltr'><strong>n.</strong></span> <span class='ocrx_word' id='word_1_343' title='bbox 831 4223 852 4286; x_wconf 77' lang='grc'><strong>5</strong></span> <span class='ocrx_word' id='word_1_344' title='bbox 869 4230 899 4285; x_wconf 90' lang='lat' dir='ltr'><strong>et</strong></span> <span class='ocrx_word' id='word_1_345' title='bbox 913 4221 984 4303; x_wconf 84' lang='lat' dir='ltr'><strong>Vll,</strong></span> <span class='ocrx_word' id='word_1_346' title='bbox 1002 4241 1035 4282; x_wconf 92' lang='lat' dir='ltr'><strong>n.</strong></span> <span class='ocrx_word' id='word_1_347' title='bbox 1050 4218 1097 4303; x_wconf 77' lang='grc'><strong>5).</strong></span> 
     </span>
    </p>
   </div>
   <div class='ocr_carea' id='block_1_6' title="bbox 0 0 1409 4736">
    <p class='ocr_par' dir='ltr' id='par_1_15' title="bbox 0 0 1409 4736">
     <span class='ocr_line' id='line_1_43' title="bbox 0 0 1409 4736; baseline 0 0"><span class='ocrx_word' id='word_1_348' title='bbox 0 0 1409 4736; x_wconf 95' lang='lat' dir='ltr'><strong> </strong></span> 
     </span>
    </p>
   </div>
  </div>
 </body>
</html>
