2806 4736
389 198 421 238 lll
445 195 595 240 nunntcns
616 193 763 236 ltssaus.

275 407 304 499 ξ.
335 406 370 478 t.
400 403 455 479 Da
477 393 717 478 Orationibus
734 403 877 477 ootiots

116 661 237 742 Quart.
255 657 331 722 169.
360 654 429 736 Quo
445 653 509 720 loco
520 651 671 738 ponenda
686 664 759 717 sunt
776 650 940 720 Orationes
955 653 1098 720 oota'rnu?¹

114 755 160 822 11.
193 753 237 820 1⁰.
264 753 432 818 Ponuntur
455 745 641 814 immediate
660 757 733 834 post
762 746 1098 814 Commemorationes-

76 848 231 936 speciales
246 855 280 910 et
290 864 477 910 communes
488 840 529 906 de
544 842 663 930 quibus
676 843 741 908 huc
765 863 868 929 usque
881 844 1018 930 egimus.
1042 847 1090 910 Ex

75 965 141 1030 quo
159 941 305 1028 sequitur
318 940 440 1004 nullam
455 960 495 1002 ex
511 936 561 1002 his
585 936 793 1004 Orationibus
808 937 911 1004 omitti
935 959 1029 1022 posse
1054 949 1099 1004 ut.

78 1036 150 1122 ejus
161 1037 232 1101 loeo
243 1031 368 1098 dicatur
378 1033 487 1119 aliqua
497 1030 624 1115 votiva3
642 1029 729 1096 unde
746 1032 771 1096 si
787 1031 898 1098 Oratio
910 1033 1005 1098 tertio
1020 1035 1091 1098 loco

79 1133 299 1220 assignataest
313 1129 345 1194 A
367 1125 496 1211 cunetas,
521 1128 572 1196 rel
588 1127 664 1210 alia,
689 1148 753 1192 non
776 1137 881 1213 potest
904 1128 972 1194 haee
986 1129 1098 1194 omitti

79 1235 115 1290 ot
131 1221 258 1289 dicatur
272 1245 305 1288 v.
323 1244 356 1310 g.
381 1222 539 1307 imperate
552 1220 595 1286 ab
605 1221 793 1306 episcopo„

123 1321 170 1384 2⁰.
187 1319 312 1386 Votivra
326 1317 495 1382 Orationes
510 1314 658 1382 dicende
672 1316 705 1380 ri
717 1313 923 1382 decretorum
940 1325 996 1382 aot
1009 1338 1092 1401 pre·

80 1413 165 1500 cepti
179 1412 372 1498 Superioris,
388 1407 575 1498 praecedunt
589 1410 713 1475 votivas
729 1430 809 1496 quas
823 1407 972 1476 sacerdos
994 1407 1035 1474 ad
1059 1410 1093 1473 li·
1193 1435 1196 1440 ·

79 1508 186 1574 bitum
201 1528 295 1572 snum
311 1507 344 1570 in
359 1506 453 1570 Missa
481 1501 583 1587 addit,
611 1513 645 1568 et
669 1504 695 1568 si
723 1505 833 1589 plnres
853 1504 917 1570 sint
936 1501 1100 1587 dicenda,

82 1599 162 1668 ordo
179 1602 263 1666 inter
277 1602 362 1687 ipsas
375 1596 552 1670 servandus
576 1599 706 1666 uidetur
730 1619 858 1685 semper
883 1596 1004 1664 debere
1027 1621 1096 1665 esse

83 1719 242 1780 sequens:
267 1697 370 1784 primo
388 1696 499 1761 Oratio
514 1692 555 1758 de
577 1693 777 1776 Venerabili,
795 1691 913 1758 deinde
936 1694 1046 1759 Oratio
1062 1694 1101 1758 in·

83 1793 313 1858 Anniversario
342 1791 513 1856 creationis
549 1800 581 1854 et
608 1789 821 1856 coronationis
853 1789 977 1853 Summi
1010 1791 1102 1854 Pon·

84 1884 190 1966 tilicis,
211 1895 323 1971 postea
349 1883 459 1949 Oratio
490 1885 523 1947 in
548 1881 777 1950 Annicersario
804 1881 995 1961 electionis,
1024 1903 1098 1947 eon·

86 1977 273 2043 secretionis
297 1979 349 2044 uel
378 1976 594 2043 translationis
626 1975 801 2062 Episcopi,
838 1973 968 2040 tandem
995 1977 1104 2062 impe·-

85 2081 167 2136 rata.
996 2091 997 2096 ¹

130 2167 178 2230 5⁰.
194 2165 313 2230 Ultimo
334 2177 514 2253 sequuntur
539 2168 655 2234 votivae
680 2189 760 2254 quas
784 2165 933 2232 sacerdos
956 2188 1014 2254 pro
1043 2190 1104 2234 soa

88 2259 261 2327 devotione
276 2262 310 2324 in
326 2261 418 2326 Missa
431 2264 512 2328 ritus
528 2262 689 2348 Simplicis
718 2264 787 2330 aliis
802 2261 1019 2348 superaddere
1041 2287 1100 2350 po·

88 2366 210 2422 testeo
234 2376 368 2421 numero
393 2367 429 2422 ut
454 2357 551 2424 simul
566 2379 652 2424 cum
676 2358 727 2422 his
742 2368 876 2443 sumpte
901 2369 1034 2445 surgant
1059 2359 1104 2423 ad

89 2450 233 2537 quinque
245 2450 297 2514 vel
309 2461 444 2536 septem,
462 2463 495 2518 et
508 2463 666 2520 vocantur
682 2452 778 2517 etiam
789 2451 958 2517 Orationes
974 2449 1015 2516 ad
1031 2453 1106 2518 libi-1

91 2557 171 2610 tum.
188 2543 357 2609 Orationes
372 2545 438 2612 iste
450 2544 580 2633 desumi
592 2556 725 2632 possunt
736 2567 800 2610 non
815 2555 941 2612 tantum
962 2568 1004 2612 ex
1017 2548 1102 2612 serie
1182 2562 1187 2571 ‘

90 2638 280 2705 Orationum
292 2638 491 2707 diversarum
503 2641 546 2708 ad
559 2645 679 2708 calcem
695 2641 841 2723 Missalis,
853 2639 941 2706 sede
953 2661 1108 2728 quaeum·-

91 2756 155 2822 que
172 2733 265 2800 Missa
279 2734 320 2800 de
336 2735 505 2803 Communi
522 2740 575 2804 vel
588 2732 836 2830 Proprio,modo
851 2735 920 2801 haee
950 2744 986 2799 nt
1009 2736 1104 2800 Missa
1165 2793 1168 2802 .

92 2830 210 2897 Votiva
225 2831 381 2897 celebrari
393 2833 504 2918 possit,
513 2843 546 2898 et
556 2832 685 2898 mutatis
697 2828 1108 2916 mutandisotexplieatum

93 2925 194 2989 estin
215 2926 444 3012 quaestionibus
470 2926 511 2992 de
538 2929 642 2994 Missis
663 2927 781 2993 votivis
797 2936 909 3012 quaest.
932 2926 1008 3006 110,
1028 2928 1103 3008 111,

95 3021 159 3084 ltu
175 3028 208 3084 et
223 3020 299 3086 115.

139 3119 172 3183 Si
195 3119 304 3205 plnres
325 3116 474 3186 dicantur
498 3121 666 3188 Orationes
696 3120 823 3203 votiuoe,
853 3120 1031 3188 servandus
1060 3135 1107 3190 est

96 3211 175 3278 ordo
188 3210 353 3300 dignitatis
363 3214 565 3299 Orationum,
581 3225 618 3279 ut
629 3212 671 3306 de
683 3215 741 3280 SS.
752 3215 917 3294 trinitare,
931 3215 971 3280 de
984 3218 1109 3303 Spiritu

98 3308 229 3390 Sancto,
256 3305 297 3370 de
324 3309 381 3374 SS.
411 3312 634 3390 Sacramenta,
664 3306 706 3374 de
736 3309 837 3374 Croce
863 3319 937 3374 ante
965 3313 1110 3377 votivam:
1162 3344 1167 3351 ·

96 3399 137 3466 de
169 3404 277 3485 Beata,
309 3414 340 3468 et
369 3402 410 3469 de
439 3407 584 3495 Angelis,
615 3404 656 3470 de
686 3405 720 3469 S.
746 3405 1041 3489 leenae-Baptista,
1065 3403 1107 3470 de

98 3497 131 3561 S.
149 3498 270 3582 loseph
292 3509 365 3564 ante
391 3501 560 3587 Apostolos
583 3512 615 3566 et
629 3502 674 3567 sie
689 3498 841 3584 deinceps
851 3497 945 3585 juxta
959 3499 1110 3565 ordinem

97 3592 293 3658 Litaniarum
309 3594 385 3677 (Tit.
402 3596 475 3678 Vll,
493 3619 526 3660 n.
545 3596 591 3676 5).
609 3595 675 3660 Clr.
696 3602 809 3681 qnaest.
827 3593 881 3658 58.
1027 3607 1028 3610 ’

140 3689 203 3751 Pro
215 3687 286 3751 aliis
305 3687 430 3754 Votivis
442 3712 522 3776 *quae
538 3711 578 3755 ex
592 3689 674 3754 serie
690 3687 879 3752 Orationem
909 3685 1109 3754 diuersarum

100 3783 132 3846 in
144 3781 206 3846 fine
223 3781 357 3846 Missalis
371 3783 546 3869 eliguntur,
560 3792 707 3850 servetur
718 3777 797 3845 crdo
809 3780 901 3866 juxta
926 3802 1023 3868 quem
1051 3779 1114 3844 ibi·
1188 3855 1191 3860 ¹

101 3873 174 3940 dem
189 3885 364 3961 ponuntur.
507 3879 511 3889 '
1026 3889 1030 3894 ’

145 3971 263 4054 Qnaest.
296 3971 371 4035 tto.
402 3971 656 4039 Commemoratio
681 3972 740 4038 SS.
772 3971 965 4037 Socramanti
991 3971 1115 4056 publice

87 4069 231 4150 ‘expositi
240 4088 281 4130 aa
294 4069 326 4129 io
340 4072 425 4134 ornei
435 4071 530 4135 Missa
544 4067 686 4156 [oriendo
697 4064 767 4134 est?
