2750 4738
465 213 641 257 enarratur.
1023 197 1064 261 87

75 307 304 396 indulgentiam,
314 309 483 396 Converte,
492 316 577 385 Deus
589 313 621 378 in
637 308 847 400 adjutorium,
864 312 1062 400 Antiplrona,

73 405 179 487 Psalmi,
198 406 355 492 Hymnus,
373 405 566 494 Capitulum,
587 407 839 494 Responsorium
855 407 967 493 breve,
985 411 1065 476 Can·

72 497 150 561 ticum
163 521 237 564 cum
249 499 446 586 Antiphoua:
466 504 573 568 omnia
588 512 623 566 ut
640 502 672 566 in
687 501 750 565 line
762 501 929 586 Psaltcrii3
949 515 980 570 ct
997 515 1068 590 post

33 611 35 660 t
70 591 280 679 Antiphonam,
300 595 333 658 in
348 596 549 682 Duplicibus,
563 608 594 662 et
606 597 689 662 inira
705 597 841 662 Octavus
854 596 971 664 dicitur
985 600 1067 666 Ora·

32 687 33 732 3
71 685 105 750 lio
119 710 126 749 :
141 687 170 752 in
185 688 249 754 alio
266 699 373 754 autem
390 690 513 776 Ollicio,
530 702 603 756 antc
619 691 804 758 Orationem
820 689 949 776 dicitur,
967 695 1067 781 Kyrie

69 781 177 861 cleison,
196 805 270 848 cum
285 783 416 870 reliquis
429 786 595 865 Precibus,
610 796 645 851 ut
660 783 780 848 ibidem
804 784 837 848 in
852 786 1021 852 Psaltcrio.

101 876 128 938 2.
151 879 224 942 Post
240 879 391 956 Versum,
414 878 589 945 Benedicat
610 890 641 945 et
663 876 821 943 custodiat
836 901 905 960 nos,
923 891 1000 960 rto,
1014 881 1065 946 di·

65 970 132 1032 citur
153 993 216 1037 una
239 994 280 1036 ex
303 970 496 1058 Autiplaonis
519 976 558 1039 B.
584 973 704 1052 Marias,
732 995 806 1037 cum
839 975 1007 1040 versiculo
1031 988 1064 1042 ot

66 1063 212 1142 Oratione,
234 1077 270 1132 ut
287 1063 430 1132 ibidem:
449 1079 481 1132 el
496 1065 582 1133 dicto
596 1068 714 1145 Versu,
729 1067 881 1133 Divinum
897 1069 1062 1154 auxilium,

66 1156 310 1240 dieitursccrelo,
328 1162 423 1226 Pater
440 1173 557 1244 nostor,
571 1161 640 1228 Aac
655 1161 767 1242 Maria,
785 1171 817 1226 et
829 1160 943 1228 Ordo.

331 1431 447 1506 XIX.
475 1433 529 1509 De
546 1431 781 1508 invitatorio.

100 1731 126 1794 l.
139 1732 363 1799 invitatorium
374 1754 501 1818 semper
513 1731 631 1797 dicitur
643 1733 674 1796 in
687 1732 893 1797 omniOllicio
908 1730 948 1795 ad
964 1732 1063 1796 lllatu·

63 1825 162 1907 lluum,
177 1849 250 1891 eum
266 1829 406 1913 Psalmo,
424 1829 540 1896 Venite
557 1828 747 1908 exultemus,
766 1826 878 1891 ordino
895 1827 926 1890 in
941 1827 1060 1911 prinei-

63 1920 105 2001 pio
119 1921 261 1985 Psaltcrii
278 1921 437 2009 descripto
452 1945 460 1987 ε
475 1921 531 1988 sed
548 1922 690 1988 variatur
706 1942 763 2006 pro
776 1922 878 1986 Officii
892 1921 1058 2007 qualitate,

62 2023 91 2075 nt
102 2013 130 2076 in
145 2015 311 2096 Psallorio,
328 2028 360 2083 et
375 2017 509 2106 Proprio
524 2015 566 2080 dc
581 2017 750 2102 Tempore,
768 2038 804 2080 ac
819 2015 852 2079 in
864 2015 1013 2100 Proprio,
1029 2025 1061 2080 et

61 2107 214 2174 Communi
238 2112 442 2176 Sanctorum.

95 2205 123 2268 ἓ.
142 2205 208 2270 Νοιι
232 2202 350 2270 dicitur
370 2207 402 2270 in
428 2206 481 2271 dic
503 2207 700 2292 Epiphaniae,
720 2228 779 2270 nco
802 2206 834 2268 in
850 2203 968 2269 Triduo
985 2213 1058 2268 ante

59 2300 175 2384 Pascha,
189 2311 225 2364 ut
241 2302 306 2364 suis
317 2303 395 2366 locis
408 2313 552 2383 notatur,
571 2324 630 2366 racc
646 2302 677 2364 in
697 2301 809 2368 Officio
822 2301 1058 2364 Delnnclorum

59 2414 107 2476 por
125 2415 256 2478 annum,
274 2407 407 2481 excepto
419 2395 472 2460 die
484 2394 802 2461 commemorationis
817 2394 960 2458 omnium
977 2391 1058 2455 fiale-

60 2488 126 2552 lium
150 2490 394 2572 Defunctorum,
423 2514 460 2558 ac
484 2494 517 2556 in
541 2490 593 2554 dio
620 2491 738 2571 obitus,
767 2511 823 2554 seu
850 2487 1058 2576 depositionis

58 2583 202 2668 defuncti,
222 2596 254 2650 ct
270 2585 541 2673 quandocumque
557 2585 709 2651 dicuntur
725 2595 788 2650 tres
803 2584 968 2649 Nocturni.

372 2847 457 2922 XX.
478 2849 532 2923 Dc
548 2847 723 2942 Hyantia.

94 3153 121 3214 l.
146 3154 263 3237 Hymni
279 3174 406 3239 semper
421 3152 572 3218 dicuntur
595 3153 626 3215 in
642 3151 786 3238 qualibet
802 3151 901 3229 Hora,
920 3158 1052 3232 praeler-

53 3269 167 3332 qnamu
187 3245 306 3312 Triduo
322 3260 394 3312 ante
410 3249 543 3328 Pascha,
564 3268 663 3334 usquc
679 3245 720 3310 ad
738 3246 896 3330 Vesperas
911 3243 1049 3306 Sabbati

54 3341 81 3403 in
102 3341 189 3406 Albis
213 3343 393 3424 exclusive,
419 3353 449 3408 ol
475 3353 688 3430 praeterquam
717 3339 750 3404 in
777 3339 889 3403 Officio
915 3336 1055 3401 Defunc-

55 3446 193 3596 [oiimdd
217 3475 566 3619 Matutinum'Hymnus
578 3529 697 3596 dicitur
711 3540 783 3616 post
810 3529 974 3593 Psalmnm
990 3529 1054 3596 Vc·

55 3626 121 3705 nile,
137 3626 273 3712 repetito
294 3627 493 3709 Invitatorio,
512 3636 723 3713 praeterquam
739 3625 771 3688 in
780 3622 833 3687 dic
848 3623 1053 3709 Epiphaniae.

54 3719 97 3783 ll
109 3719 234 3785 Laudes
255 3724 459 3808 ct-Vcspcras
474 3719 592 3786 dieitur
614 3732 685 3805 post
699 3719 896 3807 Capitulum.
921 3715 973 3782 Ad
989 3721 1056 3784 Ho-

56 3837 110 3922 ras,
121 3826 193 3880 ante
206 3817 359 3881 Psalmos.
373 3815 423 3881 Ad
435 3816 698 3901 Complctorium,
708 3824 780 3901 post
790 3813 934 3877 Psalmos
946 3822 978 3876 ct
989 3812 1056 3878 An·

56 3912 303 4070 tlPio'iimliineiintur
319 4016 426 4070 autem
439 4006 471 4069 iu
485 4005 598 4070 Officio
610 4001 651 4066 do
667 4003 835 4089 Tempore,
851 4014 885 4067 ut
897 4003 927 4066 in
939 4005 1057 4068 Psalle·
1139 4060 1144 4064 .

64 4099 115 4183 rio,
132 4098 262 4195 quando
277 4101 398 4190 proprii
415 4101 531 4194 Hymni
548 4101 581 4165 in
604 4099 739 4199 Proprio
758 4097 799 4165 dc
814 4101 969 4205 Tempore
993 4120 1055 4183 nora
