<?xml version="1.0" encoding="UTF-8"?>
<!DOCTYPE html PUBLIC "-//W3C//DTD XHTML 1.0 Transitional//EN"
    "http://www.w3.org/TR/xhtml1/DTD/xhtml1-transitional.dtd">
<html xmlns="http://www.w3.org/1999/xhtml" xml:lang="en" lang="en">
 <head>
  <title>
</title>
<meta http-equiv="Content-Type" content="text/html;charset=utf-8" />
  <meta name='ocr-system' content='tesseract 3.04.00' />
  <meta name='ocr-capabilities' content='ocr_page ocr_carea ocr_par ocr_line ocrx_word'/>
</head>
<body>
  <div class='ocr_page' id='page_1' title='image "./quaestionesinru00churgoog_0188.png"; bbox 0 0 2754 4740; ppageno 0'>
   <div class='ocr_carea' id='block_1_1' title="bbox 318 251 1053 314">
    <p class='ocr_par' dir='ltr' id='par_1_1' title="bbox 318 251 1053 314">
     <span class='ocr_line' id='line_1_1' title="bbox 318 251 1053 314; baseline 0.012 -10"><span class='ocrx_word' id='word_1_1' title='bbox 318 263 405 304; x_wconf 84' lang='lat' dir='ltr'><strong>arros</strong></span> <span class='ocrx_word' id='word_1_2' title='bbox 429 263 617 305; x_wconf 76' lang='lat' dir='ltr'><strong>ceneanasm</strong></span> <span class='ocrx_word' id='word_1_3' title='bbox 642 264 766 306; x_wconf 77' lang='lat' dir='ltr'><strong>msssrr.</strong></span> <span class='ocrx_word' id='word_1_4' title='bbox 990 251 1053 314; x_wconf 78' lang='lat'><strong>175</strong></span> 
     </span>
    </p>
   </div>
   <div class='ocr_carea' id='block_1_2' title="bbox 45 360 1053 1113">
    <p class='ocr_par' dir='ltr' id='par_1_2' title="bbox 45 360 1053 1113">
     <span class='ocr_line' id='line_1_2' title="bbox 47 360 1053 452; baseline 0.005 -25"><span class='ocrx_word' id='word_1_5' title='bbox 47 367 281 428; x_wconf 73' lang='lat' dir='ltr'>Sacramentum</span> <span class='ocrx_word' id='word_1_6' title='bbox 294 362 448 440; x_wconf 88' lang='lat' dir='ltr'><strong>elevatur,</strong></span> <span class='ocrx_word' id='word_1_7' title='bbox 458 360 865 445; x_wconf 80' lang='lat' dir='ltr'><strong>fimbriasplanetaeelovat‚</strong></span> <span class='ocrx_word' id='word_1_8' title='bbox 879 376 909 430; x_wconf 88' lang='lat' dir='ltr'><strong>et</strong></span> <span class='ocrx_word' id='word_1_9' title='bbox 923 366 1053 452; x_wconf 88' lang='lat' dir='ltr'><strong>quando</strong></span> 
     </span>
     <span class='ocr_line' id='line_1_3' title="bbox 46 452 1053 544; baseline 0.006 -23"><span class='ocrx_word' id='word_1_10' title='bbox 46 481 118 544; x_wconf 88' lang='lat' dir='ltr'><strong>opus</strong></span> <span class='ocrx_word' id='word_1_11' title='bbox 133 470 192 536; x_wconf 88' lang='lat' dir='ltr'><strong>est,</strong></span> <span class='ocrx_word' id='word_1_12' title='bbox 209 479 243 520; x_wconf 90' lang='lat' dir='ltr'><strong>se</strong></span> <span class='ocrx_word' id='word_1_13' title='bbox 259 456 396 541; x_wconf 83' lang='lat' dir='ltr'><strong>erigens,</strong></span> <span class='ocrx_word' id='word_1_14' title='bbox 415 454 552 518; x_wconf 80' lang='lat' dir='ltr'>Calicem</span> <span class='ocrx_word' id='word_1_15' title='bbox 573 452 767 540; x_wconf 81' lang='lat' dir='ltr'><strong>discooperit</strong></span> <span class='ocrx_word' id='word_1_16' title='bbox 783 469 815 523; x_wconf 89' lang='lat' dir='ltr'><strong>et</strong></span> <span class='ocrx_word' id='word_1_17' title='bbox 830 461 985 544; x_wconf 85' lang='lat' dir='ltr'><strong>cooperit,</strong></span> <span class='ocrx_word' id='word_1_18' title='bbox 1021 474 1053 528; x_wconf 85' lang='lat' dir='ltr'><strong>at</strong></span> 
     </span>
     <span class='ocr_line' id='line_1_4' title="bbox 45 547 1052 641; baseline 0.003 -22"><span class='ocrx_word' id='word_1_19' title='bbox 45 579 110 619; x_wconf 85' lang='lat' dir='ltr'><strong>cum</strong></span> <span class='ocrx_word' id='word_1_20' title='bbox 134 553 317 619; x_wconf 80' lang='lat' dir='ltr'>celebrante</span> <span class='ocrx_word' id='word_1_21' title='bbox 338 549 535 637; x_wconf 73' lang='lat' dir='ltr'><strong>genuflectit.</strong></span> <span class='ocrx_word' id='word_1_22' title='bbox 559 547 783 617; x_wconf 84' lang='lat' dir='ltr'><strong>Subdiaconus</strong></span> <span class='ocrx_word' id='word_1_23' title='bbox 805 557 992 641; x_wconf 85' lang='lat' dir='ltr'><strong>genuflectit</strong></span> <span class='ocrx_word' id='word_1_24' title='bbox 1018 557 1052 629; x_wconf 87' lang='lat' dir='ltr'><strong>in</strong></span> 
     </span>
     <span class='ocr_line' id='line_1_5' title="bbox 46 646 1052 735; baseline 0.002 -21"><span class='ocrx_word' id='word_1_25' title='bbox 46 653 107 714; x_wconf 87' lang='lat' dir='ltr'><strong>loeo</strong></span> <span class='ocrx_word' id='word_1_26' title='bbox 122 671 193 713; x_wconf 89' lang='lat' dir='ltr'><strong>suo.</strong></span> <span class='ocrx_word' id='word_1_27' title='bbox 209 646 445 724; x_wconf 80' lang='lat' dir='ltr'><strong>Thuriierarius</strong></span> <span class='ocrx_word' id='word_1_28' title='bbox 461 646 649 731; x_wconf 83' lang='lat' dir='ltr'><strong>genuflexus</strong></span> <span class='ocrx_word' id='word_1_29' title='bbox 666 647 697 710; x_wconf 90' lang='lat' dir='ltr'><strong>in</strong></span> <span class='ocrx_word' id='word_1_30' title='bbox 721 669 820 712; x_wconf 84' lang='lat' dir='ltr'><strong>cornu</strong></span> <span class='ocrx_word' id='word_1_31' title='bbox 839 649 988 735; x_wconf 76' lang='lat' dir='ltr'><strong>Epistola</strong></span> <span class='ocrx_word' id='word_1_32' title='bbox 1003 662 1052 716; x_wconf 89' lang='lat' dir='ltr'><strong>ter</strong></span> 
     </span>
     <span class='ocr_line' id='line_1_6' title="bbox 46 739 1049 822; baseline 0.003 -17"><span class='ocrx_word' id='word_1_33' title='bbox 46 746 181 807; x_wconf 90' lang='lat' dir='ltr'><strong>incensat</strong></span> <span class='ocrx_word' id='word_1_34' title='bbox 205 739 363 820; x_wconf 78' lang='lat' dir='ltr'><strong>Hostiam,</strong></span> <span class='ocrx_word' id='word_1_35' title='bbox 392 759 465 802; x_wconf 90' lang='lat' dir='ltr'><strong>cum</strong></span> <span class='ocrx_word' id='word_1_36' title='bbox 491 739 647 820; x_wconf 88' lang='lat' dir='ltr'><strong>elevatur,</strong></span> <span class='ocrx_word' id='word_1_37' title='bbox 677 750 708 804; x_wconf 90' lang='lat' dir='ltr'><strong>et</strong></span> <span class='ocrx_word' id='word_1_38' title='bbox 729 743 876 807; x_wconf 88' lang='lat' dir='ltr'><strong>similiter</strong></span> <span class='ocrx_word' id='word_1_39' title='bbox 897 743 1049 822; x_wconf 82' lang='lat' dir='ltr'><strong>Calicem,</strong></span> 
     </span>
     <span class='ocr_line' id='line_1_7' title="bbox 46 833 1051 926; baseline 0.004 -26"><span class='ocrx_word' id='word_1_40' title='bbox 46 839 138 921; x_wconf 92' lang='lat' dir='ltr'><strong>posito</strong></span> <span class='ocrx_word' id='word_1_41' title='bbox 150 835 321 900; x_wconf 90' lang='lat' dir='ltr'><strong>incensoin</strong></span> <span class='ocrx_word' id='word_1_42' title='bbox 338 834 539 899; x_wconf 90' lang='lat' dir='ltr'><strong>thuribulum</strong></span> <span class='ocrx_word' id='word_1_43' title='bbox 554 835 674 920; x_wconf 88' lang='lat' dir='ltr'><strong>absque</strong></span> <span class='ocrx_word' id='word_1_44' title='bbox 688 833 925 903; x_wconf 88' lang='lat' dir='ltr'><strong>benedictione.</strong></span> <span class='ocrx_word' id='word_1_45' title='bbox 941 841 1051 926; x_wconf 88' lang='lat' dir='ltr'><strong>Repo-</strong></span> 
     </span>
     <span class='ocr_line' id='line_1_8' title="bbox 46 925 1049 1012; baseline -0.003 -14"><span class='ocrx_word' id='word_1_46' title='bbox 46 938 97 999; x_wconf 89' lang='lat' dir='ltr'><strong>sito</strong></span> <span class='ocrx_word' id='word_1_47' title='bbox 112 932 230 1012; x_wconf 88' lang='lat' dir='ltr'><strong>Calice,</strong></span> <span class='ocrx_word' id='word_1_48' title='bbox 247 928 400 994; x_wconf 92' lang='lat' dir='ltr'><strong>diaconus</strong></span> <span class='ocrx_word' id='word_1_49' title='bbox 418 926 503 991; x_wconf 92' lang='lat' dir='ltr'><strong>redit</strong></span> <span class='ocrx_word' id='word_1_50' title='bbox 518 925 558 990; x_wconf 89' lang='lat' dir='ltr'><strong>ad</strong></span> <span class='ocrx_word' id='word_1_51' title='bbox 575 927 706 1010; x_wconf 91' lang='lat' dir='ltr'><strong>librum,</strong></span> <span class='ocrx_word' id='word_1_52' title='bbox 727 929 787 992; x_wconf 90' lang='lat' dir='ltr'><strong>nisi</strong></span> <span class='ocrx_word' id='word_1_53' title='bbox 810 929 891 994; x_wconf 91' lang='lat' dir='ltr'><strong>alius</strong></span> <span class='ocrx_word' id='word_1_54' title='bbox 912 932 1049 996; x_wconf 88' lang='lat' dir='ltr'><strong>assistat.</strong></span> 
     </span>
     <span class='ocr_line' id='line_1_9' title="bbox 46 1021 692 1113; baseline -0.012 -19"><span class='ocrx_word' id='word_1_55' title='bbox 46 1030 147 1094; x_wconf 88' lang='lat' dir='ltr'><strong>Caeteri</strong></span> <span class='ocrx_word' id='word_1_56' title='bbox 165 1035 312 1113; x_wconf 80' lang='lat' dir='ltr'><strong>surgunt,</strong></span> <span class='ocrx_word' id='word_1_57' title='bbox 330 1034 363 1088; x_wconf 90' lang='lat' dir='ltr'><strong>et</strong></span> <span class='ocrx_word' id='word_1_58' title='bbox 384 1023 511 1086; x_wconf 84' lang='lat' dir='ltr'><strong>stantia</strong></span> <span class='ocrx_word' id='word_1_59' title='bbox 523 1021 601 1086; x_wconf 90' lang='lat' dir='ltr'><strong>locis</strong></span> <span class='ocrx_word' id='word_1_60' title='bbox 616 1022 692 1086; x_wconf 87' lang='lat' dir='ltr'><strong>suis.</strong></span> 
     </span>
    </p>
   </div>
   <div class='ocr_carea' id='block_1_3' title="bbox 45 1238 1051 1440">
    <p class='ocr_par' dir='ltr' id='par_1_3' title="bbox 45 1238 1051 1440">
     <span class='ocr_line' id='line_1_10' title="bbox 45 1238 1051 1341; baseline -0.009 -18"><span class='ocrx_word' id='word_1_61' title='bbox 45 1249 108 1324; x_wconf 78' lang='lat' dir='ltr'><strong>ll.</strong></span> <span class='ocrx_word' id='word_1_62' title='bbox 142 1249 196 1322; x_wconf 85' lang='lat' dir='ltr'><strong>De</strong></span> <span class='ocrx_word' id='word_1_63' title='bbox 227 1244 374 1330; x_wconf 83' lang='lat' dir='ltr'><strong>Concae</strong></span> <span class='ocrx_word' id='word_1_64' title='bbox 398 1251 484 1341; x_wconf 85' lang='lat' dir='ltr'><strong>post</strong></span> <span class='ocrx_word' id='word_1_65' title='bbox 513 1240 830 1316; x_wconf 72' lang='lat' dir='ltr'><strong>consecrationem</strong></span> <span class='ocrx_word' id='word_1_66' title='bbox 854 1261 966 1336; x_wconf 84' lang='lat' dir='ltr'><strong>usque</strong></span> <span class='ocrx_word' id='word_1_67' title='bbox 1001 1238 1051 1316; x_wconf 83' lang='lat' dir='ltr'><strong>od</strong></span> 
     </span>
     <span class='ocr_line' id='line_1_11' title="bbox 301 1359 783 1440; baseline -0.015 0"><span class='ocrx_word' id='word_1_68' title='bbox 301 1363 515 1440; x_wconf 73' lang='lat' dir='ltr'><strong>Orationem</strong></span> <span class='ocrx_word' id='word_1_69' title='bbox 533 1359 783 1438; x_wconf 84' lang='lat' dir='ltr'><strong>Domim&#39;eom.</strong></span> 
     </span>
    </p>
   </div>
   <div class='ocr_carea' id='block_1_4' title="bbox 45 1586 1048 4135">
    <p class='ocr_par' dir='ltr' id='par_1_4' title="bbox 45 1586 1048 3672">
     <span class='ocr_line' id='line_1_12' title="bbox 84 1586 1048 1682; baseline -0.009 -20"><span class='ocrx_word' id='word_1_70' title='bbox 84 1603 112 1663; x_wconf 91' lang='lat' dir='ltr'><strong>l.</strong></span> <span class='ocrx_word' id='word_1_71' title='bbox 134 1597 289 1682; x_wconf 86' lang='lat' dir='ltr'><strong>Reposito</strong></span> <span class='ocrx_word' id='word_1_72' title='bbox 315 1592 419 1656; x_wconf 89' lang='lat' dir='ltr'><strong>Calice</strong></span> <span class='ocrx_word' id='word_1_73' title='bbox 446 1599 478 1652; x_wconf 93' lang='lat' dir='ltr'><strong>et</strong></span> <span class='ocrx_word' id='word_1_74' title='bbox 517 1586 662 1670; x_wconf 87' lang='lat' dir='ltr'><strong>adorato,</strong></span> <span class='ocrx_word' id='word_1_75' title='bbox 689 1587 837 1654; x_wconf 85' lang='lat' dir='ltr'><strong>sacerdos</strong></span> <span class='ocrx_word' id='word_1_76' title='bbox 862 1599 947 1652; x_wconf 90' lang='lat' dir='ltr'><strong>stans</strong></span> <span class='ocrx_word' id='word_1_77' title='bbox 974 1600 1048 1654; x_wconf 88' lang='lat' dir='ltr'><strong>ante</strong></span> 
     </span>
     <span class='ocr_line' id='line_1_13' title="bbox 46 1677 1048 1775; baseline -0.01 -19"><span class='ocrx_word' id='word_1_78' title='bbox 46 1698 145 1775; x_wconf 86' lang='lat' dir='ltr'><strong>altare,</strong></span> <span class='ocrx_word' id='word_1_79' title='bbox 164 1690 303 1756; x_wconf 82' lang='lat' dir='ltr'><strong>extensis</strong></span> <span class='ocrx_word' id='word_1_80' title='bbox 319 1677 467 1749; x_wconf 87' lang='lat' dir='ltr'><strong>manibus</strong></span> <span class='ocrx_word' id='word_1_81' title='bbox 482 1693 554 1746; x_wconf 92' lang='lat' dir='ltr'><strong>ante</strong></span> <span class='ocrx_word' id='word_1_82' title='bbox 567 1693 689 1768; x_wconf 87' lang='lat' dir='ltr'><strong>pectus,</strong></span> <span class='ocrx_word' id='word_1_83' title='bbox 707 1682 786 1747; x_wconf 93' lang='lat' dir='ltr'><strong>dicit</strong></span> <span class='ocrx_word' id='word_1_84' title='bbox 795 1693 919 1747; x_wconf 88' lang='lat' dir='ltr'><strong>secreto</strong></span> <span class='ocrx_word' id='word_1_85' title='bbox 934 1705 942 1746; x_wconf 80' lang='grc' dir='ltr'><em>τ</em></span> <span class='ocrx_word' id='word_1_86' title='bbox 961 1683 1048 1746; x_wconf 80' lang='lat' dir='ltr'><strong>Unde</strong></span> 
     </span>
     <span class='ocr_line' id='line_1_14' title="bbox 46 1775 1047 1864; baseline -0.01 -13"><span class='ocrx_word' id='word_1_87' title='bbox 46 1803 68 1851; x_wconf 87' lang='lat' dir='ltr'><strong>ct</strong></span> <span class='ocrx_word' id='word_1_88' title='bbox 92 1807 248 1864; x_wconf 87' lang='lat' dir='ltr'><strong>memores,</strong></span> <span class='ocrx_word' id='word_1_89' title='bbox 275 1793 329 1847; x_wconf 87' lang='lat' dir='ltr'><strong>etc.</strong></span> <span class='ocrx_word' id='word_1_90' title='bbox 348 1780 428 1843; x_wconf 88' lang='lat' dir='ltr'><strong>Cum</strong></span> <span class='ocrx_word' id='word_1_91' title='bbox 444 1776 522 1841; x_wconf 92' lang='lat' dir='ltr'><strong>dicit</strong></span> <span class='ocrx_word' id='word_1_92' title='bbox 538 1777 575 1841; x_wconf 85' lang='lat' dir='ltr'><strong>de</strong></span> <span class='ocrx_word' id='word_1_93' title='bbox 591 1779 652 1841; x_wconf 86' lang='lat' dir='ltr'><strong>tuis</strong></span> <span class='ocrx_word' id='word_1_94' title='bbox 669 1777 759 1840; x_wconf 83' lang='lat' dir='ltr'><strong>donis</strong></span> <span class='ocrx_word' id='word_1_95' title='bbox 779 1799 814 1840; x_wconf 88' lang='lat' dir='ltr'><strong>oe</strong></span> <span class='ocrx_word' id='word_1_96' title='bbox 830 1777 923 1854; x_wconf 83' lang='lat' dir='ltr'><strong>dotis,</strong></span> <span class='ocrx_word' id='word_1_97' title='bbox 937 1775 1047 1863; x_wconf 84' lang='lat' dir='ltr'><strong>jungit</strong></span> 
     </span>
     <span class='ocr_line' id='line_1_15' title="bbox 46 1869 1044 1962; baseline -0.013 -15"><span class='ocrx_word' id='word_1_98' title='bbox 46 1905 147 1946; x_wconf 90' lang='lat' dir='ltr'><strong>manus</strong></span> <span class='ocrx_word' id='word_1_99' title='bbox 177 1889 250 1944; x_wconf 91' lang='lat' dir='ltr'><strong>ante</strong></span> <span class='ocrx_word' id='word_1_100' title='bbox 282 1885 412 1962; x_wconf 77' lang='lat' dir='ltr'><strong>pactast</strong></span> <span class='ocrx_word' id='word_1_101' title='bbox 446 1882 577 1935; x_wconf 90' lang='lat' dir='ltr'><strong>etcum</strong></span> <span class='ocrx_word' id='word_1_102' title='bbox 605 1869 683 1934; x_wconf 91' lang='lat' dir='ltr'><strong>dicit</strong></span> <span class='ocrx_word' id='word_1_103' title='bbox 706 1873 850 1935; x_wconf 82' lang='lat' dir='ltr'><strong>Hostiam</strong></span> <span class='ocrx_word' id='word_1_104' title='bbox 872 1871 899 1954; x_wconf 88' lang='lat'>†</span> <span class='ocrx_word' id='word_1_105' title='bbox 917 1891 1044 1953; x_wconf 85' lang='lat' dir='ltr'><strong>puram,</strong></span> 
     </span>
     <span class='ocr_line' id='line_1_16' title="bbox 46 1964 1047 2059; baseline -0.011 -20"><span class='ocrx_word' id='word_1_106' title='bbox 46 1976 215 2059; x_wconf 85' lang='lat' dir='ltr'><strong>Hostiom†</strong></span> <span class='ocrx_word' id='word_1_107' title='bbox 230 1983 379 2049; x_wconf 81' lang='lat' dir='ltr'><strong>sonetum,</strong></span> <span class='ocrx_word' id='word_1_108' title='bbox 392 1968 543 2030; x_wconf 82' lang='lat' dir='ltr'><strong>Hostiam</strong></span> <span class='ocrx_word' id='word_1_109' title='bbox 561 1964 588 2050; x_wconf 85' lang='lat'>†</span> <span class='ocrx_word' id='word_1_110' title='bbox 608 1965 849 2042; x_wconf 85' lang='lat' dir='ltr'><strong>immaculatam,</strong></span> <span class='ocrx_word' id='word_1_111' title='bbox 875 1985 973 2027; x_wconf 87' lang='lat' dir='ltr'><strong>manu</strong></span> <span class='ocrx_word' id='word_1_112' title='bbox 1003 1966 1047 2028; x_wconf 86' lang='lat' dir='ltr'><strong>si-</strong></span> 
     </span>
     <span class='ocr_line' id='line_1_17' title="bbox 47 2058 1047 2156; baseline -0.009 -22"><span class='ocrx_word' id='word_1_113' title='bbox 47 2074 132 2136; x_wconf 89' lang='lat' dir='ltr'><strong>nistra</strong></span> <span class='ocrx_word' id='word_1_114' title='bbox 147 2071 250 2156; x_wconf 87' lang='lat' dir='ltr'><strong>posita</strong></span> <span class='ocrx_word' id='word_1_115' title='bbox 266 2085 362 2150; x_wconf 86' lang='lat' dir='ltr'><strong>super</strong></span> <span class='ocrx_word' id='word_1_116' title='bbox 377 2065 476 2125; x_wconf 89' lang='lat' dir='ltr'><strong>altare</strong></span> <span class='ocrx_word' id='word_1_117' title='bbox 493 2063 575 2124; x_wconf 88' lang='lat' dir='ltr'><strong>intra</strong></span> <span class='ocrx_word' id='word_1_118' title='bbox 592 2059 776 2145; x_wconf 83' lang='lat' dir='ltr'><strong>Corporale,</strong></span> <span class='ocrx_word' id='word_1_119' title='bbox 804 2058 916 2122; x_wconf 82' lang='lat' dir='ltr'><strong>dextra</strong></span> <span class='ocrx_word' id='word_1_120' title='bbox 942 2059 1047 2146; x_wconf 83' lang='lat' dir='ltr'><strong>signat</strong></span> 
     </span>
     <span class='ocr_line' id='line_1_18' title="bbox 48 2154 1046 2242; baseline -0.012 -13"><span class='ocrx_word' id='word_1_121' title='bbox 48 2179 86 2229; x_wconf 89' lang='lat' dir='ltr'><strong>ter</strong></span> <span class='ocrx_word' id='word_1_122' title='bbox 100 2163 312 2230; x_wconf 87' lang='lat' dir='ltr'><strong>communiter</strong></span> <span class='ocrx_word' id='word_1_123' title='bbox 324 2178 420 2242; x_wconf 89' lang='lat' dir='ltr'><strong>super</strong></span> <span class='ocrx_word' id='word_1_124' title='bbox 432 2156 577 2219; x_wconf 90' lang='lat' dir='ltr'><strong>Hostiam</strong></span> <span class='ocrx_word' id='word_1_125' title='bbox 589 2164 620 2217; x_wconf 90' lang='lat' dir='ltr'><strong>et</strong></span> <span class='ocrx_word' id='word_1_126' title='bbox 632 2154 782 2236; x_wconf 87' lang='lat' dir='ltr'><strong>Calicem,</strong></span> <span class='ocrx_word' id='word_1_127' title='bbox 798 2164 830 2218; x_wconf 89' lang='lat' dir='ltr'><strong>et</strong></span> <span class='ocrx_word' id='word_1_128' title='bbox 840 2155 938 2217; x_wconf 86' lang='lat' dir='ltr'><strong>semel</strong></span> <span class='ocrx_word' id='word_1_129' title='bbox 949 2175 1046 2239; x_wconf 91' lang='lat' dir='ltr'><strong>super</strong></span> 
     </span>
     <span class='ocr_line' id='line_1_19' title="bbox 47 2247 1045 2338; baseline -0.01 -14"><span class='ocrx_word' id='word_1_130' title='bbox 47 2263 178 2326; x_wconf 85' lang='lat' dir='ltr'><strong>Hostiam</strong></span> <span class='ocrx_word' id='word_1_131' title='bbox 195 2268 332 2337; x_wconf 85' lang='lat' dir='ltr'><strong>tantum,</strong></span> <span class='ocrx_word' id='word_1_132' title='bbox 350 2264 382 2316; x_wconf 91' lang='lat' dir='ltr'><strong>et</strong></span> <span class='ocrx_word' id='word_1_133' title='bbox 403 2251 501 2314; x_wconf 87' lang='lat' dir='ltr'><strong>semel</strong></span> <span class='ocrx_word' id='word_1_134' title='bbox 519 2271 615 2334; x_wconf 89' lang='lat' dir='ltr'><strong>super</strong></span> <span class='ocrx_word' id='word_1_135' title='bbox 631 2248 769 2338; x_wconf 84' lang='lat' dir='ltr'>Calicem</span> <span class='ocrx_word' id='word_1_136' title='bbox 785 2258 920 2331; x_wconf 88' lang='lat' dir='ltr'><strong>tantum,</strong></span> <span class='ocrx_word' id='word_1_137' title='bbox 936 2247 1045 2314; x_wconf 86' lang='lat' dir='ltr'><strong>dicens</strong></span> 
     </span>
     <span class='ocr_line' id='line_1_20' title="bbox 47 2342 1038 2439; baseline -0.01 -21"><span class='ocrx_word' id='word_1_138' title='bbox 47 2358 154 2422; x_wconf 80' lang='lat' dir='ltr'><strong>Putrem</strong></span> <span class='ocrx_word' id='word_1_139' title='bbox 170 2356 196 2439; x_wconf 87' lang='lat'><em>†</em></span> <span class='ocrx_word' id='word_1_140' title='bbox 212 2363 352 2418; x_wconf 87' lang='lat' dir='ltr'><strong>sonetum</strong></span> <span class='ocrx_word' id='word_1_141' title='bbox 368 2350 437 2411; x_wconf 85' lang='lat' dir='ltr'><strong>oitoe</strong></span> <span class='ocrx_word' id='word_1_142' title='bbox 458 2357 588 2424; x_wconf 79' lang='lat' dir='ltr'><strong>creme,</strong></span> <span class='ocrx_word' id='word_1_143' title='bbox 608 2356 635 2408; x_wconf 84' lang='lat' dir='ltr'><strong>et</strong></span> <span class='ocrx_word' id='word_1_144' title='bbox 659 2342 793 2409; x_wconf 86' lang='lat' dir='ltr'>Calicem</span> <span class='ocrx_word' id='word_1_145' title='bbox 809 2345 835 2428; x_wconf 88' lang='lat'>†</span> <span class='ocrx_word' id='word_1_146' title='bbox 851 2343 964 2409; x_wconf 85' lang='lat' dir='ltr'><strong>solutis</strong></span> <span class='ocrx_word' id='word_1_147' title='bbox 979 2365 1038 2428; x_wconf 85' lang='lat' dir='ltr'><strong>per</strong></span> 
     </span>
     <span class='ocr_line' id='line_1_21' title="bbox 46 2436 1046 2534; baseline -0.011 -20"><span class='ocrx_word' id='word_1_148' title='bbox 46 2465 152 2534; x_wconf 69' lang='lat' dir='ltr'><strong>pretate,</strong></span> <span class='ocrx_word' id='word_1_149' title='bbox 171 2447 290 2513; x_wconf 90' lang='lat' dir='ltr'><strong>deinde</strong></span> <span class='ocrx_word' id='word_1_150' title='bbox 313 2457 398 2510; x_wconf 90' lang='lat' dir='ltr'><strong>stans</strong></span> <span class='ocrx_word' id='word_1_151' title='bbox 420 2453 456 2506; x_wconf 89' lang='lat' dir='ltr'><strong>ut</strong></span> <span class='ocrx_word' id='word_1_152' title='bbox 482 2443 582 2526; x_wconf 87' lang='lat' dir='ltr'><strong>prius,</strong></span> <span class='ocrx_word' id='word_1_153' title='bbox 608 2441 745 2505; x_wconf 84' lang='lat' dir='ltr'><strong>extensis</strong></span> <span class='ocrx_word' id='word_1_154' title='bbox 759 2436 762 2441; x_wconf 64' lang='grc'>’</span> <span class='ocrx_word' id='word_1_155' title='bbox 777 2440 923 2504; x_wconf 90' lang='lat' dir='ltr'><strong>manibus</strong></span> <span class='ocrx_word' id='word_1_156' title='bbox 939 2460 1046 2523; x_wconf 87' lang='lat' dir='ltr'><strong>prose·</strong></span> 
     </span>
     <span class='ocr_line' id='line_1_22' title="bbox 48 2534 1046 2632; baseline -0.012 -22"><span class='ocrx_word' id='word_1_157' title='bbox 48 2551 159 2632; x_wconf 82' lang='lat' dir='ltr'><strong>quitur:</strong></span> <span class='ocrx_word' id='word_1_158' title='bbox 177 2547 364 2630; x_wconf 77' lang='lat' dir='ltr'><strong>Supraque</strong></span> <span class='ocrx_word' id='word_1_159' title='bbox 383 2541 530 2624; x_wconf 82' lang='lat' dir='ltr'><strong>propitio,</strong></span> <span class='ocrx_word' id='word_1_160' title='bbox 554 2548 608 2601; x_wconf 83' lang='lat' dir='ltr'><strong>ete.</strong></span> <span class='ocrx_word' id='word_1_161' title='bbox 627 2536 706 2600; x_wconf 88' lang='lat' dir='ltr'><strong>Cum</strong></span> <span class='ocrx_word' id='word_1_162' title='bbox 729 2534 825 2600; x_wconf 84' lang='lat' dir='ltr'><strong>dicit:</strong></span> <span class='ocrx_word' id='word_1_163' title='bbox 842 2535 1002 2619; x_wconf 82' lang='lat' dir='ltr'><strong>Supplices</strong></span> <span class='ocrx_word' id='word_1_164' title='bbox 1019 2545 1046 2598; x_wconf 92' lang='lat' dir='ltr'><strong>te</strong></span> 
     </span>
     <span class='ocr_line' id='line_1_23' title="bbox 49 2628 1046 2727; baseline -0.011 -25"><span class='ocrx_word' id='word_1_165' title='bbox 49 2664 193 2727; x_wconf 76' lang='lat' dir='ltr'><strong>ropertus,</strong></span> <span class='ocrx_word' id='word_1_166' title='bbox 214 2651 282 2720; x_wconf 80' lang='lat' dir='ltr'><strong>eta,</strong></span> <span class='ocrx_word' id='word_1_167' title='bbox 308 2635 439 2699; x_wconf 90' lang='lat' dir='ltr'><strong>inclinat</strong></span> <span class='ocrx_word' id='word_1_168' title='bbox 455 2653 488 2695; x_wconf 91' lang='lat' dir='ltr'><strong>se</strong></span> <span class='ocrx_word' id='word_1_169' title='bbox 511 2641 585 2694; x_wconf 89' lang='lat' dir='ltr'><strong>ante</strong></span> <span class='ocrx_word' id='word_1_170' title='bbox 601 2629 743 2694; x_wconf 89' lang='lat' dir='ltr'><strong>medium</strong></span> <span class='ocrx_word' id='word_1_171' title='bbox 760 2629 880 2706; x_wconf 86' lang='lat' dir='ltr'><strong>altaris,</strong></span> <span class='ocrx_word' id='word_1_172' title='bbox 897 2628 1046 2692; x_wconf 89' lang='lat' dir='ltr'><strong>manibus</strong></span> 
     </span>
     <span class='ocr_line' id='line_1_24' title="bbox 45 2721 1045 2820; baseline -0.017 -20"><span class='ocrx_word' id='word_1_173' title='bbox 45 2737 151 2820; x_wconf 85' lang='lat' dir='ltr'><strong>junctis</strong></span> <span class='ocrx_word' id='word_1_174' title='bbox 178 2757 276 2820; x_wconf 89' lang='lat' dir='ltr'><strong>super</strong></span> <span class='ocrx_word' id='word_1_175' title='bbox 290 2733 345 2795; x_wconf 93' lang='lat' dir='ltr'><strong>illo</strong></span> <span class='ocrx_word' id='word_1_176' title='bbox 370 2726 498 2814; x_wconf 86' lang='lat' dir='ltr'><strong>positis:</strong></span> <span class='ocrx_word' id='word_1_177' title='bbox 515 2747 587 2789; x_wconf 90' lang='lat' dir='ltr'><strong>cum</strong></span> <span class='ocrx_word' id='word_1_178' title='bbox 605 2723 683 2788; x_wconf 93' lang='lat' dir='ltr'><strong>dicit</strong></span> <span class='ocrx_word' id='word_1_179' title='bbox 706 2745 742 2787; x_wconf 84' lang='lat' dir='ltr'><strong>ee</strong></span> <span class='ocrx_word' id='word_1_180' title='bbox 758 2723 813 2786; x_wconf 81' lang='lat' dir='ltr'><strong>liae</strong></span> <span class='ocrx_word' id='word_1_181' title='bbox 836 2721 947 2786; x_wconf 86' lang='lat' dir='ltr'><strong>ultoris</strong></span> <span class='ocrx_word' id='word_1_182' title='bbox 967 2742 1045 2805; x_wconf 86' lang='lat' dir='ltr'><strong>por-</strong></span> 
     </span>
     <span class='ocr_line' id='line_1_25' title="bbox 49 2812 1045 2914; baseline -0.015 -22"><span class='ocrx_word' id='word_1_183' title='bbox 49 2833 224 2914; x_wconf 84' lang='lat' dir='ltr'><strong>ticipotioue,</strong></span> <span class='ocrx_word' id='word_1_184' title='bbox 251 2827 414 2889; x_wconf 87' lang='lat' dir='ltr'><strong>osculatur</strong></span> <span class='ocrx_word' id='word_1_185' title='bbox 436 2822 548 2901; x_wconf 88' lang='lat' dir='ltr'><strong>altare,</strong></span> <span class='ocrx_word' id='word_1_186' title='bbox 574 2817 722 2880; x_wconf 89' lang='lat' dir='ltr'><strong>manibus</strong></span> <span class='ocrx_word' id='word_1_187' title='bbox 749 2816 824 2878; x_wconf 89' lang='lat' dir='ltr'><strong>hinc</strong></span> <span class='ocrx_word' id='word_1_188' title='bbox 850 2812 926 2878; x_wconf 88' lang='lat' dir='ltr'><strong>indo</strong></span> <span class='ocrx_word' id='word_1_189' title='bbox 949 2835 1045 2899; x_wconf 87' lang='lat' dir='ltr'><strong>super</strong></span> 
     </span>
     <span class='ocr_line' id='line_1_26' title="bbox 48 2908 1045 3008; baseline -0.017 -21"><span class='ocrx_word' id='word_1_190' title='bbox 48 2923 204 3008; x_wconf 88' lang='lat' dir='ltr'><strong>Corporale</strong></span> <span class='ocrx_word' id='word_1_191' title='bbox 221 2919 352 3006; x_wconf 84' lang='lat' dir='ltr'><strong>positis:</strong></span> <span class='ocrx_word' id='word_1_192' title='bbox 371 2934 445 2979; x_wconf 89' lang='lat' dir='ltr'><strong>cum</strong></span> <span class='ocrx_word' id='word_1_193' title='bbox 460 2911 538 2976; x_wconf 87' lang='lat' dir='ltr'><strong>dicit</strong></span> <span class='ocrx_word' id='word_1_194' title='bbox 553 2922 781 2976; x_wconf 82' lang='lat' dir='ltr'><strong>sacrosanctum</strong></span> <span class='ocrx_word' id='word_1_195' title='bbox 804 2909 880 2972; x_wconf 87' lang='lat' dir='ltr'>Filii</span> <span class='ocrx_word' id='word_1_196' title='bbox 894 2912 951 2990; x_wconf 84' lang='lat' dir='ltr'><strong>tui,</strong></span> <span class='ocrx_word' id='word_1_197' title='bbox 965 2908 1045 2994; x_wconf 90' lang='lat' dir='ltr'><strong>jun·</strong></span> 
     </span>
     <span class='ocr_line' id='line_1_27' title="bbox 49 3003 1045 3103; baseline -0.016 -22"><span class='ocrx_word' id='word_1_198' title='bbox 49 3021 86 3103; x_wconf 76' lang='lat' dir='ltr'><strong>git</strong></span> <span class='ocrx_word' id='word_1_199' title='bbox 104 3039 235 3083; x_wconf 83' lang='lat' dir='ltr'><strong>manus:</strong></span> <span class='ocrx_word' id='word_1_200' title='bbox 254 3025 287 3079; x_wconf 91' lang='lat' dir='ltr'><strong>et</strong></span> <span class='ocrx_word' id='word_1_201' title='bbox 301 3011 414 3075; x_wconf 87' lang='lat' dir='ltr'><strong>dextra</strong></span> <span class='ocrx_word' id='word_1_202' title='bbox 435 3008 564 3094; x_wconf 84' lang='lat' dir='ltr'><strong>signans</strong></span> <span class='ocrx_word' id='word_1_203' title='bbox 584 3006 683 3069; x_wconf 88' lang='lat' dir='ltr'><strong>semel</strong></span> <span class='ocrx_word' id='word_1_204' title='bbox 703 3025 800 3088; x_wconf 86' lang='lat' dir='ltr'><strong>super</strong></span> <span class='ocrx_word' id='word_1_205' title='bbox 814 3003 959 3066; x_wconf 90' lang='lat' dir='ltr'><strong>Hostiam</strong></span> <span class='ocrx_word' id='word_1_206' title='bbox 974 3013 1045 3066; x_wconf 92' lang='lat' dir='ltr'><strong>tan-</strong></span> 
     </span>
     <span class='ocr_line' id='line_1_28' title="bbox 50 3096 1044 3193; baseline -0.019 -15"><span class='ocrx_word' id='word_1_207' title='bbox 50 3124 116 3193; x_wconf 90' lang='lat' dir='ltr'><strong>tum,</strong></span> <span class='ocrx_word' id='word_1_208' title='bbox 143 3123 174 3176; x_wconf 86' lang='lat' dir='ltr'><strong>et</strong></span> <span class='ocrx_word' id='word_1_209' title='bbox 201 3111 301 3175; x_wconf 88' lang='lat' dir='ltr'><strong>semel</strong></span> <span class='ocrx_word' id='word_1_210' title='bbox 321 3125 417 3191; x_wconf 89' lang='lat' dir='ltr'><strong>super</strong></span> <span class='ocrx_word' id='word_1_211' title='bbox 440 3101 590 3178; x_wconf 85' lang='lat' dir='ltr'>Calicem,</span> <span class='ocrx_word' id='word_1_212' title='bbox 609 3101 735 3164; x_wconf 89' lang='lat' dir='ltr'><strong>sinistra</strong></span> <span class='ocrx_word' id='word_1_213' title='bbox 761 3118 857 3182; x_wconf 89' lang='lat' dir='ltr'><strong>super</strong></span> <span class='ocrx_word' id='word_1_214' title='bbox 872 3096 1044 3182; x_wconf 88' lang='lat' dir='ltr'><strong>Corporale</strong></span> 
     </span>
     <span class='ocr_line' id='line_1_29' title="bbox 50 3196 1043 3290; baseline -0.019 -17"><span class='ocrx_word' id='word_1_215' title='bbox 50 3209 147 3290; x_wconf 83' lang='lat' dir='ltr'><strong>posita,</strong></span> <span class='ocrx_word' id='word_1_216' title='bbox 176 3207 254 3271; x_wconf 90' lang='lat' dir='ltr'><strong>dicit</strong></span> <span class='ocrx_word' id='word_1_217' title='bbox 282 3200 384 3286; x_wconf 84' lang='lat' dir='ltr'><strong>Cor†</strong></span> <span class='ocrx_word' id='word_1_218' title='bbox 401 3219 473 3284; x_wconf 87' lang='lat' dir='ltr'><strong>pus,</strong></span> <span class='ocrx_word' id='word_1_219' title='bbox 492 3208 519 3260; x_wconf 90' lang='lat' dir='ltr'><strong>et</strong></span> <span class='ocrx_word' id='word_1_220' title='bbox 533 3197 634 3280; x_wconf 87' lang='lat' dir='ltr'><strong>Sau†</strong></span> <span class='ocrx_word' id='word_1_221' title='bbox 645 3198 772 3280; x_wconf 81' lang='lat' dir='ltr'><strong>puiuem</strong></span> <span class='ocrx_word' id='word_1_222' title='bbox 799 3196 1043 3276; x_wconf 79' lang='lat' dir='ltr'><strong>sumpserimus:</strong></span> 
     </span>
     <span class='ocr_line' id='line_1_30' title="bbox 48 3287 1041 3376; baseline -0.012 -14"><span class='ocrx_word' id='word_1_223' title='bbox 48 3312 149 3366; x_wconf 87' lang='lat' dir='ltr'><strong>etcum</strong></span> <span class='ocrx_word' id='word_1_224' title='bbox 168 3301 248 3365; x_wconf 90' lang='lat' dir='ltr'><strong>dicit</strong></span> <span class='ocrx_word' id='word_1_225' title='bbox 262 3299 347 3363; x_wconf 86' lang='lat' dir='ltr'><strong>omui</strong></span> <span class='ocrx_word' id='word_1_226' title='bbox 359 3291 600 3376; x_wconf 81' lang='lat' dir='ltr'><strong>benedictioue†</strong></span> <span class='ocrx_word' id='word_1_227' title='bbox 613 3290 732 3367; x_wconf 83' lang='lat' dir='ltr'><strong>celesti,</strong></span> <span class='ocrx_word' id='word_1_228' title='bbox 751 3288 891 3372; x_wconf 90' lang='lat' dir='ltr'><strong>seipsum</strong></span> <span class='ocrx_word' id='word_1_229' title='bbox 905 3287 1041 3372; x_wconf 85' lang='lat' dir='ltr'><strong>signata</strong></span> 
     </span>
     <span class='ocr_line' id='line_1_31' title="bbox 49 3383 1042 3481; baseline -0.012 -25"><span class='ocrx_word' id='word_1_230' title='bbox 49 3395 137 3461; x_wconf 89' lang='lat' dir='ltr'><strong>lrontc</strong></span> <span class='ocrx_word' id='word_1_231' title='bbox 146 3395 186 3460; x_wconf 85' lang='lat' dir='ltr'><strong>ad</strong></span> <span class='ocrx_word' id='word_1_232' title='bbox 202 3405 314 3481; x_wconf 85' lang='lat' dir='ltr'><strong>pectus</strong></span> <span class='ocrx_word' id='word_1_233' title='bbox 337 3392 428 3476; x_wconf 80' lang='lat' dir='ltr'><strong>signo</strong></span> <span class='ocrx_word' id='word_1_234' title='bbox 441 3387 555 3468; x_wconf 88' lang='lat' dir='ltr'><strong>crucis,</strong></span> <span class='ocrx_word' id='word_1_235' title='bbox 573 3386 697 3449; x_wconf 91' lang='lat' dir='ltr'><strong>sinistra</strong></span> <span class='ocrx_word' id='word_1_236' title='bbox 710 3384 812 3469; x_wconf 91' lang='lat' dir='ltr'><strong>posita</strong></span> <span class='ocrx_word' id='word_1_237' title='bbox 824 3383 908 3445; x_wconf 84' lang='lat' dir='ltr'><strong>infra</strong></span> <span class='ocrx_word' id='word_1_238' title='bbox 920 3392 1042 3466; x_wconf 88' lang='lat' dir='ltr'><strong>pectus,</strong></span> 
     </span>
     <span class='ocr_line' id='line_1_32' title="bbox 47 3475 1042 3579; baseline -0.017 -26"><span class='ocrx_word' id='word_1_239' title='bbox 47 3493 284 3579; x_wconf 55' lang='lat' dir='ltr'><strong>‘etprosequitur</strong></span> <span class='ocrx_word' id='word_1_240' title='bbox 308 3499 335 3551; x_wconf 89' lang='lat' dir='ltr'><strong>et</strong></span> <span class='ocrx_word' id='word_1_241' title='bbox 356 3486 461 3570; x_wconf 73' lang='lat' dir='ltr'><strong>pretio</strong></span> <span class='ocrx_word' id='word_1_242' title='bbox 476 3480 671 3566; x_wconf 87' lang='lat' dir='ltr'><strong>repleamur:</strong></span> <span class='ocrx_word' id='word_1_243' title='bbox 693 3498 766 3542; x_wconf 90' lang='lat' dir='ltr'><strong>cum</strong></span> <span class='ocrx_word' id='word_1_244' title='bbox 783 3475 862 3540; x_wconf 92' lang='lat' dir='ltr'><strong>dicit</strong></span> <span class='ocrx_word' id='word_1_245' title='bbox 875 3475 941 3538; x_wconf 88' lang='lat' dir='ltr'><strong>Per</strong></span> <span class='ocrx_word' id='word_1_246' title='bbox 957 3497 1042 3539; x_wconf 90' lang='lat' dir='ltr'><strong>eum-</strong></span> 
     </span>
     <span class='ocr_line' id='line_1_33' title="bbox 50 3578 1032 3672; baseline -0.012 -28"><span class='ocrx_word' id='word_1_247' title='bbox 50 3584 114 3667; x_wconf 81' lang='lat' dir='ltr'><strong>dem,</strong></span> <span class='ocrx_word' id='word_1_248' title='bbox 123 3585 231 3672; x_wconf 83' lang='lat' dir='ltr'><strong>jungit</strong></span> <span class='ocrx_word' id='word_1_249' title='bbox 247 3578 372 3645; x_wconf 77' lang='lat' dir='ltr'><strong>manua.</strong></span> <span class='ocrx_word' id='word_1_250' title='bbox 1028 3597 1032 3604; x_wconf 92' lang='lat'><em>·</em></span> 
     </span>
    </p>

    <p class='ocr_par' dir='ltr' id='par_1_5' title="bbox 49 3662 1044 4135">
     <span class='ocr_line' id='line_1_34' title="bbox 84 3662 1043 3753; baseline -0.018 -11"><span class='ocrx_word' id='word_1_251' title='bbox 84 3681 112 3744; x_wconf 72' lang='lat' dir='ltr'><strong>l.</strong></span> <span class='ocrx_word' id='word_1_252' title='bbox 135 3681 214 3744; x_wconf 91' lang='lat' dir='ltr'><strong>Cum</strong></span> <span class='ocrx_word' id='word_1_253' title='bbox 231 3676 326 3742; x_wconf 87' lang='lat' dir='ltr'><strong>dicit:</strong></span> <span class='ocrx_word' id='word_1_254' title='bbox 348 3679 510 3750; x_wconf 83' lang='lat' dir='ltr'><strong>Memento,</strong></span> <span class='ocrx_word' id='word_1_255' title='bbox 534 3671 676 3751; x_wconf 84' lang='lat' dir='ltr'><strong>Domine,</strong></span> <span class='ocrx_word' id='word_1_256' title='bbox 693 3665 884 3753; x_wconf 80' lang='lat' dir='ltr'><strong>famulorum</strong></span> <span class='ocrx_word' id='word_1_257' title='bbox 904 3662 1043 3749; x_wconf 80' lang='lat' dir='ltr'><strong>famulo·</strong></span> 
     </span>
     <span class='ocr_line' id='line_1_35' title="bbox 49 3758 1044 3862; baseline -0.017 -26"><span class='ocrx_word' id='word_1_258' title='bbox 49 3793 161 3862; x_wconf 83' lang='lat' dir='ltr'><strong>rumque</strong></span> <span class='ocrx_word' id='word_1_259' title='bbox 170 3787 308 3850; x_wconf 88' lang='lat' dir='ltr'><strong>tucrum,</strong></span> <span class='ocrx_word' id='word_1_260' title='bbox 330 3784 399 3850; x_wconf 78' lang='lat' dir='ltr'><strong>etc,</strong></span> <span class='ocrx_word' id='word_1_261' title='bbox 414 3766 551 3832; x_wconf 85' lang='lat' dir='ltr'><strong>extensis</strong></span> <span class='ocrx_word' id='word_1_262' title='bbox 563 3761 724 3850; x_wconf 84' lang='lat' dir='ltr'><strong>etjunctis</strong></span> <span class='ocrx_word' id='word_1_263' title='bbox 738 3758 886 3824; x_wconf 89' lang='lat' dir='ltr'><strong>manibus</strong></span> <span class='ocrx_word' id='word_1_264' title='bbox 898 3765 971 3821; x_wconf 90' lang='lat' dir='ltr'><strong>ante</strong></span> <span class='ocrx_word' id='word_1_265' title='bbox 985 3778 1044 3842; x_wconf 89' lang='lat' dir='ltr'><strong>pe·</strong></span> 
     </span>
     <span class='ocr_line' id='line_1_36' title="bbox 49 3850 1043 3954; baseline -0.012 -28"><span class='ocrx_word' id='word_1_266' title='bbox 49 3878 115 3948; x_wconf 87' lang='lat' dir='ltr'><strong>ctus,</strong></span> <span class='ocrx_word' id='word_1_267' title='bbox 142 3881 173 3934; x_wconf 90' lang='lat' dir='ltr'><strong>et</strong></span> <span class='ocrx_word' id='word_1_268' title='bbox 191 3889 294 3954; x_wconf 89' lang='lat' dir='ltr'><strong>usque</strong></span> <span class='ocrx_word' id='word_1_269' title='bbox 319 3865 497 3931; x_wconf 81' lang='lat' dir='ltr'><strong>adfaciem</strong></span> <span class='ocrx_word' id='word_1_270' title='bbox 520 3859 663 3935; x_wconf 89' lang='lat' dir='ltr'><strong>elevatis,</strong></span> <span class='ocrx_word' id='word_1_271' title='bbox 688 3866 720 3920; x_wconf 88' lang='lat' dir='ltr'><strong>et</strong></span> <span class='ocrx_word' id='word_1_272' title='bbox 741 3854 870 3918; x_wconf 89' lang='lat' dir='ltr'><strong>intentis</strong></span> <span class='ocrx_word' id='word_1_273' title='bbox 886 3852 987 3916; x_wconf 87' lang='lat' dir='ltr'><strong>oculis</strong></span> <span class='ocrx_word' id='word_1_274' title='bbox 1002 3850 1043 3916; x_wconf 90' lang='lat' dir='ltr'><strong>ad</strong></span> 
     </span>
     <span class='ocr_line' id='line_1_37' title="bbox 50 3945 1044 4045; baseline -0.015 -24"><span class='ocrx_word' id='word_1_275' title='bbox 50 3959 273 4027; x_wconf 86' lang='lat' dir='ltr'><strong>Sacramentum</strong></span> <span class='ocrx_word' id='word_1_276' title='bbox 298 3981 395 4045; x_wconf 88' lang='lat' dir='ltr'><strong>super</strong></span> <span class='ocrx_word' id='word_1_277' title='bbox 410 3960 522 4039; x_wconf 90' lang='lat' dir='ltr'><strong>altare,</strong></span> <span class='ocrx_word' id='word_1_278' title='bbox 539 3953 616 4018; x_wconf 87' lang='lat' dir='ltr'><strong>facit</strong></span> <span class='ocrx_word' id='word_1_279' title='bbox 632 3946 976 4014; x_wconf 87' lang='lat' dir='ltr'><strong>Commemorationem</strong></span> <span class='ocrx_word' id='word_1_280' title='bbox 991 3945 1044 4008; x_wconf 89' lang='lat' dir='ltr'><strong>Fi-</strong></span> 
     </span>
     <span class='ocr_line' id='line_1_38' title="bbox 51 4037 1043 4135; baseline -0.013 -22"><span class='ocrx_word' id='word_1_281' title='bbox 51 4051 154 4122; x_wconf 88' lang='lat' dir='ltr'><strong>delinm</strong></span> <span class='ocrx_word' id='word_1_282' title='bbox 183 4056 422 4133; x_wconf 89' lang='lat' dir='ltr'><strong>defunctorum,</strong></span> <span class='ocrx_word' id='word_1_283' title='bbox 453 4051 493 4115; x_wconf 88' lang='lat' dir='ltr'><strong>dc</strong></span> <span class='ocrx_word' id='word_1_284' title='bbox 529 4049 647 4135; x_wconf 88' lang='lat' dir='ltr'><strong>quibus</strong></span> <span class='ocrx_word' id='word_1_285' title='bbox 672 4045 733 4110; x_wconf 92' lang='lat' dir='ltr'><strong>sibi</strong></span> <span class='ocrx_word' id='word_1_286' title='bbox 757 4040 898 4120; x_wconf 84' lang='lat' dir='ltr'><strong>videtur,</strong></span> <span class='ocrx_word' id='word_1_287' title='bbox 930 4037 1043 4102; x_wconf 90' lang='lat' dir='ltr'><strong>eodem</strong></span> 
     </span>
    </p>
   </div>
   <div class='ocr_carea' id='block_1_5' title="bbox 51 4135 1044 4218">
    <p class='ocr_par' dir='ltr' id='par_1_6' title="bbox 51 4135 1044 4218">
     <span class='ocr_line' id='line_1_39' title="bbox 51 4135 1044 4218; baseline -0.015 -7"><span class='ocrx_word' id='word_1_288' title='bbox 51 4149 130 4216; x_wconf 85' lang='lat' dir='ltr'><strong>modo</strong></span> <span class='ocrx_word' id='word_1_289' title='bbox 145 4164 179 4217; x_wconf 91' lang='lat' dir='ltr'><strong>ut</strong></span> <span class='ocrx_word' id='word_1_290' title='bbox 205 4153 327 4218; x_wconf 89' lang='lat' dir='ltr'><strong>dictum</strong></span> <span class='ocrx_word' id='word_1_291' title='bbox 344 4161 391 4216; x_wconf 90' lang='lat' dir='ltr'><strong>est</strong></span> <span class='ocrx_word' id='word_1_292' title='bbox 407 4148 446 4212; x_wconf 87' lang='lat' dir='ltr'><strong>de</strong></span> <span class='ocrx_word' id='word_1_293' title='bbox 463 4143 766 4212; x_wconf 90' lang='lat' dir='ltr'><strong>commemoratione</strong></span> <span class='ocrx_word' id='word_1_294' title='bbox 789 4138 950 4203; x_wconf 81' lang='lat' dir='ltr'><strong>virorum.</strong></span> <span class='ocrx_word' id='word_1_295' title='bbox 973 4135 1044 4212; x_wconf 86' lang='lat' dir='ltr'><strong>Qua</strong></span> 
     </span>
    </p>
   </div>
   <div class='ocr_carea' id='block_1_6' title="bbox 0 0 1382 4740">
    <p class='ocr_par' dir='ltr' id='par_1_7' title="bbox 0 0 1382 4740">
     <span class='ocr_line' id='line_1_40' title="bbox 0 0 1382 4740; baseline 0 0"><span class='ocrx_word' id='word_1_296' title='bbox 0 0 1382 4740; x_wconf 95' lang='lat' dir='ltr'><strong> </strong></span> 
     </span>
    </p>
   </div>
  </div>
 </body>
</html>
