2794 4728
322 213 363 279 tl
758 231 901 278 ruentes

318 340 399 405 ratio
414 359 472 425 pro
483 337 594 403 Officio
610 339 773 424 sequentis
789 336 935 418 Sabbati)
946 337 1000 402 fiat
1013 350 1088 403 ante
1106 340 1234 403 Festum
1254 339 1329 404 Sim·

318 437 393 520 pler
409 435 441 497 iu
458 433 599 498 Sabbata
612 453 795 498 oecurrcns.
808 435 856 497 De
871 435 964 497 Festo
977 434 1120 519 Simplici
1134 435 1169 498 fit
1182 434 1328 498 Comme·

318 529 455 592 moratio
471 536 545 591 ante
558 525 786 612 Suffragia,seu
802 547 987 593 communes
1006 528 1328 593 Commemorationes

317 621 359 685 de
384 621 498 702 Cruee,
530 622 646 686 Sancta
667 622 780 702 Maria,
807 621 967 707 Apostolis
983 632 1015 686 ct
1030 620 1071 684 de
1086 623 1181 701 Pace,
1201 632 1233 687 et
1258 634 1327 687 ante

319 717 661 780 Commemorationem
677 715 910 802 cujuscumque
928 717 1036 788 Tituli.
1054 718 1107 782 vel
1121 717 1253 781 Patroni
1275 719 1327 782 Ee·

316 812 432 892 elesise,
446 831 516 897 quaa
529 812 624 876 etiarn
640 831 699 897 pro
713 811 762 874 sui
776 809 933 896 dignitate
953 811 1024 874 aliis
1054 810 1220 896 Suffragiis
1252 832 1326 894 pra·

316 903 409 968 dietis
435 915 687 990 praeponeretur.
711 905 889 990 Dequibus
919 902 1097 990 Suffragiis,
1125 902 1326 988 quomodoet

315 997 445 1084 quando
461 996 608 1062 faciende
621 999 696 1077 sint,
720 997 860 1062 habetur
878 998 1011 1062 iuferius
1026 997 1155 1083 propria
1170 998 1323 1062 Rulnica.

493 1237 549 1315 Χ.
578 1240 633 1314 De
652 1238 907 1314 Transluttone
929 1237 1137 1314 Festoruna.
1241 1233 1244 1240 ’

357 1469 389 1532 1.
406 1467 447 1531 Si
464 1465 593 1554 aliquod
608 1467 737 1531 Festum
761 1466 888 1551 Duplex
915 1477 1062 1532 occurrat
1090 1467 1122 1530 in
1150 1467 1321 1532 Dominicis

311 1562 491 1639 Adventus,
514 1573 547 1626 et
562 1563 594 1626 in
610 1562 785 1626 Dominicis
800 1568 818 1626 a
831 1562 1076 1649 Septuagesima
1089 1581 1192 1647 usque
1207 1561 1248 1626 ad
1260 1564 1320 1626 Do·

312 1660 463 1724 minicam
479 1658 511 1720 in
523 1656 614 1721 Albis
629 1657 798 1739 inclusive,
814 1658 847 1721 in
860 1657 978 1744 Vigilia
991 1657 1170 1723 Nativitatis
1182 1657 1319 1734 Domini,

313 1754 345 1817 in
357 1752 411 1818 die
423 1752 692 1832 Circumcisionis,
709 1753 741 1815 iu
754 1760 819 1816 tote
828 1752 950 1817 Octava
964 1751 1163 1837 Epiphania,
1182 1749 1215 1813 iu
1231 1751 1319 1814 Faria

311 1859 425 1934 quarta
451 1847 613 1931 Cinerum,
639 1848 672 1910 in
695 1856 760 1910 tota
785 1846 900 1933 majori
926 1844 1151 1926 Hebdomada,
1181 1856 1214 1909 et
1240 1846 1318 1909 infra

311 1942 464 2008 Octavam
479 1943 620 2020 Paschae,
635 1943 667 2005 in
683 1939 877 2005 Asconsione
902 1941 1042 2023 Domini,
1056 1940 1088 2004 in
1105 1939 1222 2006 diebus
1235 1946 1253 2004 a
1267 1940 1318 2006 Vi·

310 2037 604 2122 giliaPentecostes
626 2031 786 2122 usquead
809 2035 937 2098 Festum
967 2034 1127 2100 Trinitatis
1152 2034 1316 2117 inclusive,
1386 2049 1387 2056 ’

310 2130 344 2193 in
359 2130 452 2194 Festo
467 2129 615 2214 Corporis
631 2128 747 2194 Christi
764 2138 795 2193 et
811 2128 881 2214 ejus
897 2127 949 2192 die
964 2129 1096 2210 Octava,
1110 2128 1142 2191 in
1158 2129 1251 2194 Festo
1263 2128 1317 2192 As·

309 2225 500 2310 sumptionis
513 2227 553 2289 Β.
566 2224 721 2310 Virginis,
743 2232 775 2287 et
800 2223 952 2287 Omnium
982 2223 1184 2304 Sanctorum,
1218 2231 1316 2287 trans-

309 2319 412 2385 fertur
438 2319 469 2383 in
497 2320 634 2404 primam
664 2318 751 2382 diem
773 2318 865 2382 Festo
885 2317 1011 2402 Duplici
1034 2318 1085 2383 vel
1109 2313 1315 2401 Semidupliei

309 2436 372 2478 non
385 2413 570 2500 impeditam
582 2437 590 2478 τ
605 2413 745 2499 exceptis
756 2423 863 2477 tamen
875 2413 974 2476 Festis
986 2412 1164 2476 Natiuitatis
1176 2412 1211 2475 S.
1220 2411 1315 2474 Joan·
1385 2427 1386 2434 ¹

309 2509 357 2572 nis
368 2508 529 2592 Baptistae,
546 2518 579 2572 et
594 2509 651 2572 SS.
675 2507 899 2592 Apostolorum
915 2507 1003 2571 Petri
1019 2516 1051 2571 et
1075 2507 1180 2589 Pauli,
1199 2528 1268 2593 quae
1283 2506 1314 2569 in

308 2601 361 2666 die
373 2603 493 2668 Octava
510 2603 657 2688 Corporis
673 2601 789 2666 Christi
802 2604 1024 2667 celebrantur:
1042 2613 1175 2686 excepto
1189 2623 1314 2689 quoquo

307 2697 399 2762 Festo
411 2718 615 2785 quocumque
631 2697 766 2762 solemni
782 2697 919 2784 alicujus
941 2697 1015 2774 loci,
1037 2695 1125 2782 quod
1140 2696 1174 2758 in
1189 2700 1314 2782 propria
1384 2693 1385 2722 ³

307 2800 431 2855 tantum
442 2791 595 2872 Ecclesia,
612 2792 710 2856 etiam
722 2792 753 2854 in
769 2792 932 2878 aliquibus
947 2813 987 2856 ex
1001 2789 1192 2876 supradictis
1204 2789 1314 2854 diebus

307 2905 491 2966 occurrens,
510 2886 631 2949 scilieet
643 2886 676 2948 in
691 2886 865 2950 Dominicis
877 2889 919 2969 11,
933 2888 981 2950 ΠΙ
996 2896 1028 2951 et
1043 2887 1088 2954 IV
1103 2885 1267 2952 Adventus
1283 2895 1313 2948 ct

307 2977 581 3064 Quadragesimae,
597 2981 762 3044 Dominiea
779 2983 1038 3068 septuagesimae,
1057 2983 1266 3068 Sexagesimae
1282 2991 1313 3045 ct

306 3073 596 3159 Quinquagesimae,
607 3084 638 3139 et
652 3073 767 3140 diebus
778 3076 860 3140 infra
872 3077 1024 3144 Octavam
1032 3076 1269 3162 Epiphaniae(ut
1280 3077 1310 3138 in

305 3166 499 3231 Rubricade
512 3168 875 3236 Commemorationibus
891 3170 1012 3236 dietum
1035 3171 1095 3255 est)
1121 3173 1309 3236 celebratur.

306 3261 340 3324 Si
354 3271 461 3324 autem
475 3262 602 3326 Festum
618 3264 849 3329 Purificationis
862 3267 899 3330 Β.
910 3266 1016 3329 Mariae
1027 3265 1152 3330 venerit
1165 3265 1197 3328 in
1208 3266 1310 3346 eliqua

305 3356 470 3420 Dominiea
493 3358 522 3420 11
539 3356 662 3440 Classis,
681 3361 870 3424 transfertur
895 3361 927 3423 in
942 3360 1114 3424 Feriamll
1126 3370 1308 3445 sequentem

306 3450 452 3534 quamvis
469 3449 667 3535 impeditam,
691 3449 843 3538 idemque
867 3462 914 3516 est
939 3451 979 3516 de
1001 3451 1250 3516 denuntiatione
1271 3455 1306 3517 B.

306 3543 425 3622 Mariae,
450 3543 545 3610 etde
569 3546 775 3612 lmmaeulata
798 3549 1023 3634 Conceptione.
1049 3548 1130 3611 Item
1146 3546 1171 3610 si
1186 3547 1308 3612 Festum

304 3637 486 3704 Natiuitatis
502 3639 609 3702 Sancti
624 3640 757 3706 loannis
778 3644 929 3728 Baptistae
942 3642 1068 3709 venerit
1079 3642 1111 3705 in
1124 3641 1176 3705 die
1192 3642 1308 3728 Corpo-

304 3732 348 3795 ris
361 3732 488 3816 Christi,
504 3734 695 3799 transfertur
713 3737 947 3826 insequentem
963 3737 1061 3820 diem,
1076 3757 1149 3800 cum
1165 3735 1307 3800 Comme·

303 3828 481 3892 moratione
513 3826 653 3912 Oetaeae,
679 3841 710 3895 ct
736 3833 769 3896 in
794 3832 943 3898 secundis
979 3831 1130 3918 Vesperis
1165 3830 1305 3917 Corporis

303 3920 474 4005 Christi‚fit
485 3930 607 3986 tanturn
618 3923 885 3992 Commemoratis
898 3927 1005 3991 Sancti
1020 3925 1165 3990 loannis:
1176 3946 1305 4012 sequen-

302 4014 388 4079 tibus
417 4025 524 4079 autern
546 4012 660 4082 diebus
674 4021 709 4082 fit
726 4020 871 4086 Officium
894 4020 935 4085 dc
954 4017 1066 4085 eadem
1090 4019 1208 4086 Octava
1231 4018 1304 4083 Cor·

304 4109 389 4195 poris
418 4110 548 4192 Christi,
588 4134 661 4177 cum
698 4113 1005 4182 Commemoratione
1037 4113 1165 4180 Octavae
1202 4113 1302 4178 Sancti
