<?xml version="1.0" encoding="UTF-8"?>
<!DOCTYPE html PUBLIC "-//W3C//DTD XHTML 1.0 Transitional//EN"
    "http://www.w3.org/TR/xhtml1/DTD/xhtml1-transitional.dtd">
<html xmlns="http://www.w3.org/1999/xhtml" xml:lang="en" lang="en">
 <head>
  <title>
</title>
<meta http-equiv="Content-Type" content="text/html;charset=utf-8" />
  <meta name='ocr-system' content='tesseract 3.04.00' />
  <meta name='ocr-capabilities' content='ocr_page ocr_carea ocr_par ocr_line ocrx_word'/>
</head>
<body>
  <div class='ocr_page' id='page_1' title='image "./quaestionesinru00churgoog_0148.png"; bbox 0 0 2750 4738; ppageno 0'>
   <div class='ocr_carea' id='block_1_1' title="bbox 395 248 1073 313">
    <p class='ocr_par' dir='ltr' id='par_1_1' title="bbox 395 248 1073 313">
     <span class='ocr_line' id='line_1_1' title="bbox 395 248 1073 313; baseline 0.004 -6"><span class='ocrx_word' id='word_1_1' title='bbox 395 263 569 309; x_wconf 77' lang='lat' dir='ltr'>cananaeus</span> <span class='ocrx_word' id='word_1_2' title='bbox 584 263 733 308; x_wconf 79' lang='lat' dir='ltr'>nrssams.</span> <span class='ocrx_word' id='word_1_3' title='bbox 1008 248 1073 313; x_wconf 77' lang='lat'>155</span> 
     </span>
    </p>
   </div>
   <div class='ocr_carea' id='block_1_2' title="bbox 72 365 1078 552">
    <p class='ocr_par' dir='ltr' id='par_1_2' title="bbox 72 365 1078 552">
     <span class='ocr_line' id='line_1_2' title="bbox 73 365 1076 457; baseline 0.011 -29"><span class='ocrx_word' id='word_1_4' title='bbox 73 365 183 430; x_wconf 85' lang='lat' dir='ltr'>dicitur</span> <span class='ocrx_word' id='word_1_5' title='bbox 201 367 293 431; x_wconf 86' lang='lat' dir='ltr'>Missa</span> <span class='ocrx_word' id='word_1_6' title='bbox 318 368 399 432; x_wconf 90' lang='lat' dir='ltr'>sicut</span> <span class='ocrx_word' id='word_1_7' title='bbox 415 371 447 432; x_wconf 92' lang='lat' dir='ltr'>in</span> <span class='ocrx_word' id='word_1_8' title='bbox 475 371 527 434; x_wconf 89' lang='lat' dir='ltr'>die</span> <span class='ocrx_word' id='word_1_9' title='bbox 542 369 640 450; x_wconf 86' lang='lat' dir='ltr'>Festi,</span> <span class='ocrx_word' id='word_1_10' title='bbox 668 371 727 433; x_wconf 87' lang='lat' dir='ltr'>nisi</span> <span class='ocrx_word' id='word_1_11' title='bbox 752 371 915 457; x_wconf 82' lang='lat' dir='ltr'>propriam</span> <span class='ocrx_word' id='word_1_12' title='bbox 943 374 1076 440; x_wconf 80' lang='lat' dir='ltr'>Missam</span> 
     </span>
     <span class='ocr_line' id='line_1_3' title="bbox 72 461 1078 552; baseline 0.009 -28"><span class='ocrx_word' id='word_1_13' title='bbox 72 461 267 544; x_wconf 80' lang='lat' dir='ltr'>habuerit3in</span> <span class='ocrx_word' id='word_1_14' title='bbox 282 462 458 530; x_wconf 85' lang='lat' dir='ltr'>Dominicis</span> <span class='ocrx_word' id='word_1_15' title='bbox 484 487 561 530; x_wconf 83' lang='lat' dir='ltr'>vcro</span> <span class='ocrx_word' id='word_1_16' title='bbox 588 466 670 531; x_wconf 88' lang='lat' dir='ltr'>sicut</span> <span class='ocrx_word' id='word_1_17' title='bbox 693 465 879 552; x_wconf 84' lang='lat' dir='ltr'>inpropriis</span> <span class='ocrx_word' id='word_1_18' title='bbox 903 467 980 533; x_wconf 87' lang='lat' dir='ltr'>locis</span> <span class='ocrx_word' id='word_1_19' title='bbox 1003 469 1078 533; x_wconf 88' lang='lat' dir='ltr'>assi-</span> 
     </span>
    </p>
   </div>
   <div class='ocr_carea' id='block_1_3' title="bbox 72 556 1075 735">
    <p class='ocr_par' dir='ltr' id='par_1_3' title="bbox 72 556 1075 735">
     <span class='ocr_line' id='line_1_4' title="bbox 72 556 1075 650; baseline 0.011 -33"><span class='ocrx_word' id='word_1_20' title='bbox 72 566 188 639; x_wconf 87' lang='lat' dir='ltr'>gnatur.</span> <span class='ocrx_word' id='word_1_21' title='bbox 205 558 251 618; x_wconf 83' lang='lat' dir='ltr'>lle</span> <span class='ocrx_word' id='word_1_22' title='bbox 274 556 418 642; x_wconf 85' lang='lat' dir='ltr'>Simplici</span> <span class='ocrx_word' id='word_1_23' title='bbox 438 559 556 626; x_wconf 85' lang='lat' dir='ltr'>dicitur</span> <span class='ocrx_word' id='word_1_24' title='bbox 581 560 676 624; x_wconf 86' lang='lat' dir='ltr'>Missa</span> <span class='ocrx_word' id='word_1_25' title='bbox 692 559 774 626; x_wconf 88' lang='lat' dir='ltr'>siout</span> <span class='ocrx_word' id='word_1_26' title='bbox 794 559 836 625; x_wconf 91' lang='lat' dir='ltr'>de</span> <span class='ocrx_word' id='word_1_27' title='bbox 852 562 1075 650; x_wconf 80' lang='lat' dir='ltr'>Somiduplici,</span> 
     </span>
     <span class='ocr_line' id='line_1_5' title="bbox 73 649 427 735; baseline 0.02 -26"><span class='ocrx_word' id='word_1_28' title='bbox 73 659 106 711; x_wconf 93' lang='lat' dir='ltr'>ut</span> <span class='ocrx_word' id='word_1_29' title='bbox 118 649 178 712; x_wconf 91' lang='lat' dir='ltr'>suis</span> <span class='ocrx_word' id='word_1_30' title='bbox 192 650 270 713; x_wconf 89' lang='lat' dir='ltr'>locis</span> <span class='ocrx_word' id='word_1_31' title='bbox 285 651 427 735; x_wconf 86' lang='lat' dir='ltr'>ponitur.</span> 
     </span>
    </p>
   </div>
   <div class='ocr_carea' id='block_1_4' title="bbox 306 931 828 1033">
    <p class='ocr_par' dir='ltr' id='par_1_4' title="bbox 306 931 828 1033">
     <span class='ocr_line' id='line_1_6' title="bbox 306 931 828 1033; baseline 0.006 -28"><span class='ocrx_word' id='word_1_32' title='bbox 306 931 380 1006; x_wconf 86' lang='lat' dir='ltr'><em>III.</em></span> <span class='ocrx_word' id='word_1_33' title='bbox 403 933 459 1009; x_wconf 87' lang='lat' dir='ltr'>Da</span> <span class='ocrx_word' id='word_1_34' title='bbox 479 931 602 1023; x_wconf 81' lang='lat' dir='ltr'>Ferte,</span> <span class='ocrx_word' id='word_1_35' title='bbox 625 943 659 1009; x_wconf 86' lang='lat' dir='ltr'>et</span> <span class='ocrx_word' id='word_1_36' title='bbox 678 931 828 1033; x_wconf 72' lang='lat' dir='ltr'>Vtor&#39;tr&#39;o.</span> 
     </span>
    </p>
   </div>
   <div class='ocr_carea' id='block_1_5' title="bbox 73 1219 1076 1877">
    <p class='ocr_par' dir='ltr' id='par_1_5' title="bbox 73 1219 1076 1877">
     <span class='ocr_line' id='line_1_7' title="bbox 117 1219 1074 1310; baseline 0.002 -22"><span class='ocrx_word' id='word_1_37' title='bbox 117 1225 146 1288; x_wconf 88' lang='lat' dir='ltr'>l.</span> <span class='ocrx_word' id='word_1_38' title='bbox 169 1224 263 1288; x_wconf 88' lang='lat' dir='ltr'>llissa</span> <span class='ocrx_word' id='word_1_39' title='bbox 279 1220 321 1287; x_wconf 88' lang='lat' dir='ltr'>de</span> <span class='ocrx_word' id='word_1_40' title='bbox 330 1222 423 1287; x_wconf 85' lang='lat' dir='ltr'>Faria</span> <span class='ocrx_word' id='word_1_41' title='bbox 434 1219 553 1287; x_wconf 86' lang='lat' dir='ltr'>dicitur</span> <span class='ocrx_word' id='word_1_42' title='bbox 567 1221 697 1309; x_wconf 87' lang='lat' dir='ltr'>quando</span> <span class='ocrx_word' id='word_1_43' title='bbox 708 1244 772 1288; x_wconf 91' lang='lat' dir='ltr'>non</span> <span class='ocrx_word' id='word_1_44' title='bbox 785 1224 924 1290; x_wconf 87' lang='lat' dir='ltr'>occurrit</span> <span class='ocrx_word' id='word_1_45' title='bbox 934 1226 1074 1310; x_wconf 84' lang='lat' dir='ltr'>Festum,</span> 
     </span>
     <span class='ocr_line' id='line_1_8' title="bbox 76 1316 1074 1405; baseline 0.004 -23"><span class='ocrx_word' id='word_1_46' title='bbox 76 1318 122 1382; x_wconf 84' lang='lat' dir='ltr'>vel</span> <span class='ocrx_word' id='word_1_47' title='bbox 132 1317 255 1398; x_wconf 88' lang='lat' dir='ltr'>Octava,</span> <span class='ocrx_word' id='word_1_48' title='bbox 272 1319 324 1385; x_wconf 85' lang='lat' dir='ltr'>rel</span> <span class='ocrx_word' id='word_1_49' title='bbox 345 1317 521 1382; x_wconf 88' lang='lat' dir='ltr'>Sabbatum</span> <span class='ocrx_word' id='word_1_50' title='bbox 541 1316 573 1381; x_wconf 94' lang='lat' dir='ltr'>in</span> <span class='ocrx_word' id='word_1_51' title='bbox 590 1339 654 1405; x_wconf 91' lang='lat' dir='ltr'>quo</span> <span class='ocrx_word' id='word_1_52' title='bbox 664 1318 720 1384; x_wconf 87' lang='lat' dir='ltr'>fiat</span> <span class='ocrx_word' id='word_1_53' title='bbox 730 1319 878 1384; x_wconf 86' lang='lat' dir='ltr'>Officium</span> <span class='ocrx_word' id='word_1_54' title='bbox 897 1323 937 1385; x_wconf 93' lang='lat' dir='ltr'>B.</span> <span class='ocrx_word' id='word_1_55' title='bbox 952 1322 1074 1387; x_wconf 76' lang='lat' dir='ltr'>Maria.</span> 
     </span>
     <span class='ocr_line' id='line_1_9' title="bbox 73 1409 1076 1502; baseline 0.008 -27"><span class='ocrx_word' id='word_1_56' title='bbox 73 1413 105 1476; x_wconf 91' lang='lat' dir='ltr'>ln</span> <span class='ocrx_word' id='word_1_57' title='bbox 115 1413 208 1477; x_wconf 86' lang='lat' dir='ltr'>Feriis</span> <span class='ocrx_word' id='word_1_58' title='bbox 224 1423 330 1479; x_wconf 87' lang='lat' dir='ltr'>lamen</span> <span class='ocrx_word' id='word_1_59' title='bbox 342 1409 616 1499; x_wconf 83' lang='lat' dir='ltr'>Quadragosimae,</span> <span class='ocrx_word' id='word_1_60' title='bbox 633 1413 779 1494; x_wconf 83' lang='lat' dir='ltr'>Quatuor</span> <span class='ocrx_word' id='word_1_61' title='bbox 791 1416 999 1502; x_wconf 89' lang='lat' dir='ltr'>Temporum,</span> <span class='ocrx_word' id='word_1_62' title='bbox 1012 1419 1076 1483; x_wconf 87' lang='lat' dir='ltr'>Ro·</span> 
     </span>
     <span class='ocr_line' id='line_1_10' title="bbox 74 1507 1076 1598; baseline 0.005 -27"><span class='ocrx_word' id='word_1_63' title='bbox 74 1508 277 1593; x_wconf 85' lang='lat' dir='ltr'>gationu1n‚et</span> <span class='ocrx_word' id='word_1_64' title='bbox 292 1509 499 1596; x_wconf 81' lang='lat' dir='ltr'>Vigiliarum,</span> <span class='ocrx_word' id='word_1_65' title='bbox 514 1507 635 1572; x_wconf 85' lang='lat' dir='ltr'>etiamsi</span> <span class='ocrx_word' id='word_1_66' title='bbox 648 1509 786 1594; x_wconf 82' lang='lat' dir='ltr'>Duplex,</span> <span class='ocrx_word' id='word_1_67' title='bbox 800 1512 852 1576; x_wconf 86' lang='lat' dir='ltr'>vel</span> <span class='ocrx_word' id='word_1_68' title='bbox 866 1509 1076 1598; x_wconf 82' lang='lat' dir='ltr'>semiduplex</span> 
     </span>
     <span class='ocr_line' id='line_1_11' title="bbox 74 1601 1076 1684; baseline 0.006 -19"><span class='ocrx_word' id='word_1_69' title='bbox 74 1602 201 1684; x_wconf 87' lang='lat' dir='ltr'>Festum,</span> <span class='ocrx_word' id='word_1_70' title='bbox 217 1606 269 1669; x_wconf 85' lang='lat' dir='ltr'>uel</span> <span class='ocrx_word' id='word_1_71' title='bbox 281 1603 403 1669; x_wconf 76' lang='lat' dir='ltr'>Octava</span> <span class='ocrx_word' id='word_1_72' title='bbox 418 1611 576 1680; x_wconf 86' lang='lat' dir='ltr'>occurrat,</span> <span class='ocrx_word' id='word_1_73' title='bbox 588 1601 619 1664; x_wconf 93' lang='lat' dir='ltr'>in</span> <span class='ocrx_word' id='word_1_74' title='bbox 636 1603 777 1666; x_wconf 77' lang='lat' dir='ltr'>ecclesiis</span> <span class='ocrx_word' id='word_1_75' title='bbox 791 1601 1028 1670; x_wconf 68' lang='lat' dir='ltr'>cathedralibus</span> <span class='ocrx_word' id='word_1_76' title='bbox 1044 1615 1076 1671; x_wconf 87' lang='lat' dir='ltr'>et</span> 
     </span>
     <span class='ocr_line' id='line_1_12' title="bbox 73 1693 1075 1784; baseline 0.005 -26"><span class='ocrx_word' id='word_1_77' title='bbox 73 1696 235 1782; x_wconf 88' lang='lat' dir='ltr'>collegiatis</span> <span class='ocrx_word' id='word_1_78' title='bbox 245 1707 415 1762; x_wconf 85' lang='lat' dir='ltr'>cantantur</span> <span class='ocrx_word' id='word_1_79' title='bbox 430 1695 502 1761; x_wconf 80' lang='lat' dir='ltr'>duae</span> <span class='ocrx_word' id='word_1_80' title='bbox 520 1695 640 1760; x_wconf 73' lang='lat' dir='ltr'>Missae:</span> <span class='ocrx_word' id='word_1_81' title='bbox 658 1716 722 1760; x_wconf 91' lang='lat' dir='ltr'>una</span> <span class='ocrx_word' id='word_1_82' title='bbox 739 1693 780 1760; x_wconf 87' lang='lat' dir='ltr'>do</span> <span class='ocrx_word' id='word_1_83' title='bbox 796 1697 889 1762; x_wconf 85' lang='lat' dir='ltr'>Festo</span> <span class='ocrx_word' id='word_1_84' title='bbox 904 1709 976 1784; x_wconf 88' lang='lat' dir='ltr'>post</span> <span class='ocrx_word' id='word_1_85' title='bbox 998 1700 1075 1763; x_wconf 85' lang='lat' dir='ltr'>Ter·</span> 
     </span>
     <span class='ocr_line' id='line_1_13' title="bbox 74 1790 641 1877; baseline -0.002 -23"><span class='ocrx_word' id='word_1_86' title='bbox 74 1790 152 1868; x_wconf 83' lang='lat' dir='ltr'>tiam,</span> <span class='ocrx_word' id='word_1_87' title='bbox 174 1792 236 1855; x_wconf 88' lang='lat' dir='ltr'>alia</span> <span class='ocrx_word' id='word_1_88' title='bbox 258 1790 300 1855; x_wconf 91' lang='lat' dir='ltr'>de</span> <span class='ocrx_word' id='word_1_89' title='bbox 316 1792 407 1856; x_wconf 84' lang='lat' dir='ltr'>Faria</span> <span class='ocrx_word' id='word_1_90' title='bbox 421 1800 492 1877; x_wconf 84' lang='lat' dir='ltr'>post</span> <span class='ocrx_word' id='word_1_91' title='bbox 505 1790 641 1854; x_wconf 83' lang='lat' dir='ltr'>Nonam.</span> 
     </span>
    </p>
   </div>
   <div class='ocr_carea' id='block_1_6' title="bbox 74 1897 1076 2365">
    <p class='ocr_par' dir='ltr' id='par_1_6' title="bbox 74 1897 1076 2365">
     <span class='ocr_line' id='line_1_14' title="bbox 115 1897 1076 1988; baseline 0.004 -26"><span class='ocrx_word' id='word_1_92' title='bbox 115 1901 145 1967; x_wconf 72' lang='lat' dir='ltr'>h.</span> <span class='ocrx_word' id='word_1_93' title='bbox 168 1901 203 1964; x_wconf 91' lang='lat' dir='ltr'>ln</span> <span class='ocrx_word' id='word_1_94' title='bbox 219 1900 347 1988; x_wconf 82' lang='lat' dir='ltr'>Vigiliis</span> <span class='ocrx_word' id='word_1_95' title='bbox 359 1909 465 1964; x_wconf 88' lang='lat' dir='ltr'>autem</span> <span class='ocrx_word' id='word_1_96' title='bbox 483 1907 514 1963; x_wconf 88' lang='lat' dir='ltr'>et</span> <span class='ocrx_word' id='word_1_97' title='bbox 528 1898 629 1962; x_wconf 84' lang='lat' dir='ltr'>Feriis</span> <span class='ocrx_word' id='word_1_98' title='bbox 641 1897 787 1979; x_wconf 84' lang='lat' dir='ltr'>Quatnor</span> <span class='ocrx_word' id='word_1_99' title='bbox 803 1900 1006 1986; x_wconf 82' lang='lat' dir='ltr'>Temporum‚</span> <span class='ocrx_word' id='word_1_100' title='bbox 1023 1903 1076 1968; x_wconf 87' lang='lat' dir='ltr'>vel</span> 
     </span>
     <span class='ocr_line' id='line_1_15' title="bbox 74 1989 1072 2080; baseline 0.005 -25"><span class='ocrx_word' id='word_1_101' title='bbox 74 1992 155 2058; x_wconf 85' lang='lat' dir='ltr'>Faria</span> <span class='ocrx_word' id='word_1_102' title='bbox 169 1995 310 2060; x_wconf 89' lang='lat' dir='ltr'>secunda</span> <span class='ocrx_word' id='word_1_103' title='bbox 324 1995 552 2080; x_wconf 82' lang='lat' dir='ltr'>Rogatianum,</span> <span class='ocrx_word' id='word_1_104' title='bbox 567 2014 638 2078; x_wconf 82' lang='lat' dir='ltr'>quoe</span> <span class='ocrx_word' id='word_1_105' title='bbox 650 1989 785 2058; x_wconf 85' lang='lat' dir='ltr'>veniunt</span> <span class='ocrx_word' id='word_1_106' title='bbox 800 1993 883 2059; x_wconf 88' lang='lat' dir='ltr'>infra</span> <span class='ocrx_word' id='word_1_107' title='bbox 904 1994 1072 2080; x_wconf 87' lang='lat' dir='ltr'>Octavam,</span> 
     </span>
     <span class='ocr_line' id='line_1_16' title="bbox 76 2086 1076 2176; baseline 0.002 -24"><span class='ocrx_word' id='word_1_108' title='bbox 76 2087 156 2154; x_wconf 85' lang='lat' dir='ltr'>Missa</span> <span class='ocrx_word' id='word_1_109' title='bbox 176 2089 294 2156; x_wconf 93' lang='lat' dir='ltr'>dicitnr</span> <span class='ocrx_word' id='word_1_110' title='bbox 305 2089 345 2153; x_wconf 89' lang='lat' dir='ltr'>de</span> <span class='ocrx_word' id='word_1_111' title='bbox 360 2089 490 2176; x_wconf 81' lang='lat' dir='ltr'>Vigilia,</span> <span class='ocrx_word' id='word_1_112' title='bbox 504 2089 555 2154; x_wconf 80' lang='lat' dir='ltr'>rel</span> <span class='ocrx_word' id='word_1_113' title='bbox 572 2087 672 2151; x_wconf 86' lang='lat' dir='ltr'>Feriis</span> <span class='ocrx_word' id='word_1_114' title='bbox 686 2086 876 2172; x_wconf 84' lang='lat' dir='ltr'>supradietis</span> <span class='ocrx_word' id='word_1_115' title='bbox 891 2111 965 2153; x_wconf 89' lang='lat' dir='ltr'>com</span> <span class='ocrx_word' id='word_1_116' title='bbox 981 2090 1076 2155; x_wconf 91' lang='lat' dir='ltr'>Com-</span> 
     </span>
     <span class='ocr_line' id='line_1_17' title="bbox 75 2182 1075 2268; baseline 0.001 -23"><span class='ocrx_word' id='word_1_117' title='bbox 75 2185 290 2249; x_wconf 74' lang='lat' dir='ltr'>memoratione</span> <span class='ocrx_word' id='word_1_118' title='bbox 306 2184 453 2249; x_wconf 85' lang='lat' dir='ltr'>Oelavaa:</span> <span class='ocrx_word' id='word_1_119' title='bbox 482 2191 698 2268; x_wconf 81' lang='lat' dir='ltr'>praeterquam</span> <span class='ocrx_word' id='word_1_120' title='bbox 715 2182 796 2246; x_wconf 86' lang='lat' dir='ltr'>infra</span> <span class='ocrx_word' id='word_1_121' title='bbox 812 2184 965 2249; x_wconf 82' lang='lat' dir='ltr'>Octavam</span> <span class='ocrx_word' id='word_1_122' title='bbox 997 2185 1075 2250; x_wconf 89' lang='lat' dir='ltr'>Cor.-</span> 
     </span>
     <span class='ocr_line' id='line_1_18' title="bbox 75 2276 1076 2365; baseline 0.004 -25"><span class='ocrx_word' id='word_1_123' title='bbox 75 2278 149 2361; x_wconf 83' lang='lat' dir='ltr'>poris</span> <span class='ocrx_word' id='word_1_124' title='bbox 162 2279 288 2361; x_wconf 80' lang='lat' dir='ltr'>Christi,</span> <span class='ocrx_word' id='word_1_125' title='bbox 308 2279 340 2342; x_wconf 94' lang='lat' dir='ltr'>in</span> <span class='ocrx_word' id='word_1_126' title='bbox 362 2300 425 2365; x_wconf 88' lang='lat' dir='ltr'>qua</span> <span class='ocrx_word' id='word_1_127' title='bbox 441 2278 473 2340; x_wconf 94' lang='lat' dir='ltr'>in</span> <span class='ocrx_word' id='word_1_128' title='bbox 498 2277 641 2342; x_wconf 88' lang='lat' dir='ltr'>ecclesiis</span> <span class='ocrx_word' id='word_1_129' title='bbox 657 2276 895 2344; x_wconf 87' lang='lat' dir='ltr'>cathedralibus</span> <span class='ocrx_word' id='word_1_130' title='bbox 922 2290 954 2345; x_wconf 89' lang='lat' dir='ltr'>ct</span> <span class='ocrx_word' id='word_1_131' title='bbox 982 2281 1076 2344; x_wconf 89' lang='lat' dir='ltr'>eolle-</span> 
     </span>
    </p>
   </div>
   <div class='ocr_carea' id='block_1_7' title="bbox 76 2370 1192 2459">
    <p class='ocr_par' dir='ltr' id='par_1_7' title="bbox 76 2370 1192 2459">
     <span class='ocr_line' id='line_1_19' title="bbox 76 2370 1192 2459; baseline 0.004 -24"><span class='ocrx_word' id='word_1_132' title='bbox 76 2373 155 2456; x_wconf 87' lang='lat' dir='ltr'>giatis</span> <span class='ocrx_word' id='word_1_133' title='bbox 174 2383 342 2439; x_wconf 86' lang='lat' dir='ltr'>cantantur</span> <span class='ocrx_word' id='word_1_134' title='bbox 357 2371 428 2436; x_wconf 83' lang='lat' dir='ltr'>dure</span> <span class='ocrx_word' id='word_1_135' title='bbox 444 2372 557 2452; x_wconf 82' lang='lat' dir='ltr'>Missae,</span> <span class='ocrx_word' id='word_1_136' title='bbox 575 2391 636 2436; x_wconf 91' lang='lat' dir='ltr'>una</span> <span class='ocrx_word' id='word_1_137' title='bbox 653 2370 693 2434; x_wconf 91' lang='lat' dir='ltr'>do</span> <span class='ocrx_word' id='word_1_138' title='bbox 709 2372 828 2437; x_wconf 84' lang='lat' dir='ltr'>Octava</span> <span class='ocrx_word' id='word_1_139' title='bbox 840 2374 1073 2459; x_wconf 83' lang='lat' dir='ltr'>postTcrtiom‚</span> <span class='ocrx_word' id='word_1_140' title='bbox 1191 2371 1192 2376; x_wconf 63' lang='grc'>’</span> 
     </span>
    </p>
   </div>
   <div class='ocr_carea' id='block_1_8' title="bbox 75 2467 1151 3198">
    <p class='ocr_par' dir='ltr' id='par_1_8' title="bbox 75 2467 1151 3198">
     <span class='ocr_line' id='line_1_20' title="bbox 75 2467 1151 2560; baseline 0.006 -33"><span class='ocrx_word' id='word_1_141' title='bbox 75 2467 127 2530; x_wconf 88' lang='lat' dir='ltr'>alia</span> <span class='ocrx_word' id='word_1_142' title='bbox 151 2467 190 2532; x_wconf 89' lang='lat' dir='ltr'>dc</span> <span class='ocrx_word' id='word_1_143' title='bbox 212 2469 331 2555; x_wconf 87' lang='lat' dir='ltr'>Vigilia</span> <span class='ocrx_word' id='word_1_144' title='bbox 359 2478 428 2553; x_wconf 80' lang='lat' dir='ltr'>post</span> <span class='ocrx_word' id='word_1_145' title='bbox 452 2469 593 2546; x_wconf 86' lang='lat' dir='ltr'>Nonam;</span> <span class='ocrx_word' id='word_1_146' title='bbox 624 2467 655 2529; x_wconf 93' lang='lat' dir='ltr'>in</span> <span class='ocrx_word' id='word_1_147' title='bbox 686 2467 788 2530; x_wconf 86' lang='lat' dir='ltr'>Missis</span> <span class='ocrx_word' id='word_1_148' title='bbox 810 2480 916 2532; x_wconf 87' lang='lat' dir='ltr'>autem</span> <span class='ocrx_word' id='word_1_149' title='bbox 943 2468 1076 2552; x_wconf 85' lang='lat' dir='ltr'>privatis</span> <span class='ocrx_word' id='word_1_150' title='bbox 1146 2545 1151 2560; x_wconf 41' lang='grc' dir='ltr'><strong><em>Ι</em></strong></span> 
     </span>
     <span class='ocr_line' id='line_1_21' title="bbox 79 2557 1074 2648; baseline 0.006 -26"><span class='ocrx_word' id='word_1_151' title='bbox 79 2557 184 2626; x_wconf 87' lang='lat' dir='ltr'>dicitur</span> <span class='ocrx_word' id='word_1_152' title='bbox 198 2565 292 2627; x_wconf 90' lang='lat' dir='ltr'>Missa</span> <span class='ocrx_word' id='word_1_153' title='bbox 309 2561 349 2626; x_wconf 89' lang='lat' dir='ltr'>de</span> <span class='ocrx_word' id='word_1_154' title='bbox 365 2562 486 2627; x_wconf 82' lang='lat' dir='ltr'>Octava</span> <span class='ocrx_word' id='word_1_155' title='bbox 513 2584 587 2626; x_wconf 89' lang='lat' dir='ltr'>cum</span> <span class='ocrx_word' id='word_1_156' title='bbox 610 2562 919 2627; x_wconf 81' lang='lat' dir='ltr'>Commemoratione</span> <span class='ocrx_word' id='word_1_157' title='bbox 935 2563 963 2628; x_wconf 86' lang='lat' dir='ltr'>V</span> <span class='ocrx_word' id='word_1_158' title='bbox 967 2563 1074 2648; x_wconf 83' lang='lat' dir='ltr'>igiliae.</span> 
     </span>
     <span class='ocr_line' id='line_1_22' title="bbox 77 2655 1075 2744; baseline 0.002 -26"><span class='ocrx_word' id='word_1_159' title='bbox 77 2655 103 2717; x_wconf 91' lang='lat' dir='ltr'>Si</span> <span class='ocrx_word' id='word_1_160' title='bbox 114 2667 214 2722; x_wconf 90' lang='lat' dir='ltr'>autem</span> <span class='ocrx_word' id='word_1_161' title='bbox 229 2659 262 2721; x_wconf 91' lang='lat' dir='ltr'>in</span> <span class='ocrx_word' id='word_1_162' title='bbox 278 2657 331 2722; x_wconf 88' lang='lat' dir='ltr'>dia</span> <span class='ocrx_word' id='word_1_163' title='bbox 346 2658 484 2744; x_wconf 69' lang='lat' dir='ltr'>vigiliae,</span> <span class='ocrx_word' id='word_1_164' title='bbox 503 2658 553 2723; x_wconf 88' lang='lat' dir='ltr'>vel</span> <span class='ocrx_word' id='word_1_165' title='bbox 570 2655 730 2742; x_wconf 69' lang='lat' dir='ltr'>praedietis</span> <span class='ocrx_word' id='word_1_166' title='bbox 744 2655 845 2721; x_wconf 85' lang='lat' dir='ltr'>Feriis</span> <span class='ocrx_word' id='word_1_167' title='bbox 859 2657 913 2721; x_wconf 88' lang='lat' dir='ltr'>fiat</span> <span class='ocrx_word' id='word_1_168' title='bbox 927 2657 1075 2721; x_wconf 84' lang='lat' dir='ltr'>Officium</span> 
     </span>
     <span class='ocr_line' id='line_1_23' title="bbox 77 2747 1076 2840; baseline 0.004 -30"><span class='ocrx_word' id='word_1_169' title='bbox 77 2747 110 2812; x_wconf 92' lang='lat' dir='ltr'>de</span> <span class='ocrx_word' id='word_1_170' title='bbox 124 2753 226 2840; x_wconf 89' lang='lat' dir='ltr'>aliquo</span> <span class='ocrx_word' id='word_1_171' title='bbox 237 2754 342 2837; x_wconf 85' lang='lat' dir='ltr'>Festa,</span> <span class='ocrx_word' id='word_1_172' title='bbox 355 2763 432 2817; x_wconf 89' lang='lat' dir='ltr'>tuno</span> <span class='ocrx_word' id='word_1_173' title='bbox 447 2750 565 2816; x_wconf 89' lang='lat' dir='ltr'>dieitur</span> <span class='ocrx_word' id='word_1_174' title='bbox 577 2753 670 2816; x_wconf 89' lang='lat' dir='ltr'>Missa</span> <span class='ocrx_word' id='word_1_175' title='bbox 686 2751 727 2816; x_wconf 91' lang='lat' dir='ltr'>de</span> <span class='ocrx_word' id='word_1_176' title='bbox 741 2751 834 2816; x_wconf 89' lang='lat' dir='ltr'>Festo</span> <span class='ocrx_word' id='word_1_177' title='bbox 848 2773 920 2816; x_wconf 93' lang='lat' dir='ltr'>cum</span> <span class='ocrx_word' id='word_1_178' title='bbox 934 2752 1076 2816; x_wconf 90' lang='lat' dir='ltr'>Comme·</span> 
     </span>
     <span class='ocr_line' id='line_1_24' title="bbox 77 2844 1073 2932; baseline 0.004 -26"><span class='ocrx_word' id='word_1_179' title='bbox 77 2847 238 2912; x_wconf 89' lang='lat' dir='ltr'>moratione</span> <span class='ocrx_word' id='word_1_180' title='bbox 251 2847 391 2929; x_wconf 79' lang='lat' dir='ltr'>Octava,</span> <span class='ocrx_word' id='word_1_181' title='bbox 402 2858 433 2911; x_wconf 90' lang='lat' dir='ltr'>ct</span> <span class='ocrx_word' id='word_1_182' title='bbox 446 2845 582 2932; x_wconf 84' lang='lat' dir='ltr'>Vigiliae,</span> <span class='ocrx_word' id='word_1_183' title='bbox 596 2849 648 2912; x_wconf 85' lang='lat' dir='ltr'>uel</span> <span class='ocrx_word' id='word_1_184' title='bbox 660 2847 825 2911; x_wconf 86' lang='lat' dir='ltr'>Feriarum</span> <span class='ocrx_word' id='word_1_185' title='bbox 838 2844 1073 2931; x_wconf 69' lang='lat' dir='ltr'>predictarum.</span> 
     </span>
     <span class='ocr_line' id='line_1_25' title="bbox 77 2939 1075 3031; baseline -0.001 -26"><span class='ocrx_word' id='word_1_186' title='bbox 77 2939 158 3020; x_wconf 79' lang='lat' dir='ltr'>Quod</span> <span class='ocrx_word' id='word_1_187' title='bbox 172 2944 197 3008; x_wconf 89' lang='lat' dir='ltr'>si</span> <span class='ocrx_word' id='word_1_188' title='bbox 212 2944 332 3031; x_wconf 85' lang='lat' dir='ltr'>Vigilia</span> <span class='ocrx_word' id='word_1_189' title='bbox 348 2952 494 3007; x_wconf 88' lang='lat' dir='ltr'>occurrat</span> <span class='ocrx_word' id='word_1_190' title='bbox 506 2943 539 3005; x_wconf 92' lang='lat' dir='ltr'>in</span> <span class='ocrx_word' id='word_1_191' title='bbox 555 2940 607 3006; x_wconf 89' lang='lat' dir='ltr'>die</span> <span class='ocrx_word' id='word_1_192' title='bbox 620 2942 755 3028; x_wconf 90' lang='lat' dir='ltr'>alicujus</span> <span class='ocrx_word' id='word_1_193' title='bbox 769 2942 853 3025; x_wconf 78' lang='lat' dir='ltr'>Festi</span> <span class='ocrx_word' id='word_1_194' title='bbox 873 2963 913 3005; x_wconf 87' lang='lat' dir='ltr'>ex</span> <span class='ocrx_word' id='word_1_195' title='bbox 942 2940 1075 3028; x_wconf 88' lang='lat' dir='ltr'>majori-</span> 
     </span>
     <span class='ocr_line' id='line_1_26' title="bbox 77 3031 1072 3122; baseline 0.003 -26"><span class='ocrx_word' id='word_1_196' title='bbox 77 3031 127 3100; x_wconf 89' lang='lat' dir='ltr'>bus</span> <span class='ocrx_word' id='word_1_197' title='bbox 137 3040 244 3122; x_wconf 83' lang='lat' dir='ltr'>primae</span> <span class='ocrx_word' id='word_1_198' title='bbox 259 3038 378 3119; x_wconf 88' lang='lat' dir='ltr'>elassis,</span> <span class='ocrx_word' id='word_1_199' title='bbox 394 3037 425 3100; x_wconf 91' lang='lat' dir='ltr'>in</span> <span class='ocrx_word' id='word_1_200' title='bbox 443 3036 536 3101; x_wconf 87' lang='lat' dir='ltr'>Missa</span> <span class='ocrx_word' id='word_1_201' title='bbox 551 3058 615 3102; x_wconf 90' lang='lat' dir='ltr'>non</span> <span class='ocrx_word' id='word_1_202' title='bbox 632 3037 667 3102; x_wconf 85' lang='lat' dir='ltr'>lit</span> <span class='ocrx_word' id='word_1_203' title='bbox 680 3037 947 3101; x_wconf 85' lang='lat' dir='ltr'>Commemoratio</span> <span class='ocrx_word' id='word_1_204' title='bbox 962 3035 1003 3101; x_wconf 86' lang='lat' dir='ltr'>de</span> <span class='ocrx_word' id='word_1_205' title='bbox 1023 3059 1072 3119; x_wconf 88' lang='lat' dir='ltr'>ca,</span> 
     </span>
     <span class='ocr_line' id='line_1_27' title="bbox 77 3129 402 3198; baseline 0.015 -7"><span class='ocrx_word' id='word_1_206' title='bbox 77 3129 147 3198; x_wconf 88' lang='lat' dir='ltr'>sieut</span> <span class='ocrx_word' id='word_1_207' title='bbox 160 3155 218 3198; x_wconf 89' lang='lat' dir='ltr'>nec</span> <span class='ocrx_word' id='word_1_208' title='bbox 233 3133 266 3197; x_wconf 94' lang='lat' dir='ltr'>in</span> <span class='ocrx_word' id='word_1_209' title='bbox 278 3133 402 3197; x_wconf 89' lang='lat' dir='ltr'>Officio.</span> 
     </span>
    </p>
   </div>
   <div class='ocr_carea' id='block_1_9' title="bbox 78 3238 1075 3912">
    <p class='ocr_par' dir='ltr' id='par_1_9' title="bbox 78 3238 1075 3604">
     <span class='ocr_line' id='line_1_28' title="bbox 112 3238 1075 3326; baseline -0.001 -24"><span class='ocrx_word' id='word_1_210' title='bbox 112 3239 142 3304; x_wconf 77' lang='lat'>5.</span> <span class='ocrx_word' id='word_1_211' title='bbox 165 3241 198 3305; x_wconf 83' lang='lat' dir='ltr'>si</span> <span class='ocrx_word' id='word_1_212' title='bbox 213 3243 344 3306; x_wconf 85' lang='lat' dir='ltr'>Festum</span> <span class='ocrx_word' id='word_1_213' title='bbox 357 3239 483 3304; x_wconf 88' lang='lat' dir='ltr'>habens</span> <span class='ocrx_word' id='word_1_214' title='bbox 494 3238 646 3326; x_wconf 73' lang='lat' dir='ltr'>vigiliam</span> <span class='ocrx_word' id='word_1_215' title='bbox 662 3240 843 3305; x_wconf 89' lang='lat' dir='ltr'>celebretur</span> <span class='ocrx_word' id='word_1_216' title='bbox 861 3239 943 3303; x_wconf 86' lang='lat' dir='ltr'>feria</span> <span class='ocrx_word' id='word_1_217' title='bbox 959 3255 1075 3302; x_wconf 87' lang='lat' dir='ltr'>secun·</span> 
     </span>
     <span class='ocr_line' id='line_1_29' title="bbox 78 3328 1074 3422; baseline 0.004 -29"><span class='ocrx_word' id='word_1_218' title='bbox 78 3328 122 3412; x_wconf 89' lang='lat' dir='ltr'>da,</span> <span class='ocrx_word' id='word_1_219' title='bbox 145 3334 237 3400; x_wconf 87' lang='lat' dir='ltr'>Missa</span> <span class='ocrx_word' id='word_1_220' title='bbox 250 3334 376 3422; x_wconf 85' lang='lat' dir='ltr'>Vigiliae</span> <span class='ocrx_word' id='word_1_221' title='bbox 392 3332 511 3397; x_wconf 88' lang='lat' dir='ltr'>dicitur</span> <span class='ocrx_word' id='word_1_222' title='bbox 522 3335 555 3397; x_wconf 90' lang='lat' dir='ltr'>in</span> <span class='ocrx_word' id='word_1_223' title='bbox 568 3334 721 3414; x_wconf 85' lang='lat' dir='ltr'>Sabbato,</span> <span class='ocrx_word' id='word_1_224' title='bbox 750 3334 831 3398; x_wconf 88' lang='lat' dir='ltr'>sicut</span> <span class='ocrx_word' id='word_1_225' title='bbox 854 3334 949 3398; x_wconf 86' lang='lat' dir='ltr'>etiam</span> <span class='ocrx_word' id='word_1_226' title='bbox 972 3328 1014 3396; x_wconf 89' lang='lat' dir='ltr'>de</span> <span class='ocrx_word' id='word_1_227' title='bbox 1036 3355 1074 3397; x_wconf 92' lang='lat' dir='ltr'>ea</span> 
     </span>
     <span class='ocr_line' id='line_1_30' title="bbox 78 3424 1073 3515; baseline 0.003 -27"><span class='ocrx_word' id='word_1_228' title='bbox 78 3424 106 3490; x_wconf 87' lang='lat' dir='ltr'>fit</span> <span class='ocrx_word' id='word_1_229' title='bbox 118 3427 275 3495; x_wconf 85' lang='lat' dir='ltr'>Officium:</span> <span class='ocrx_word' id='word_1_230' title='bbox 304 3439 435 3513; x_wconf 87' lang='lat' dir='ltr'>excepta</span> <span class='ocrx_word' id='word_1_231' title='bbox 456 3428 573 3515; x_wconf 90' lang='lat' dir='ltr'>Vigilia</span> <span class='ocrx_word' id='word_1_232' title='bbox 601 3430 780 3496; x_wconf 83' lang='lat' dir='ltr'>Natiuitatis</span> <span class='ocrx_word' id='word_1_233' title='bbox 790 3428 930 3510; x_wconf 85' lang='lat' dir='ltr'>Domini,</span> <span class='ocrx_word' id='word_1_234' title='bbox 951 3438 982 3492; x_wconf 89' lang='lat' dir='ltr'>et</span> <span class='ocrx_word' id='word_1_235' title='bbox 998 3428 1073 3513; x_wconf 84' lang='lat' dir='ltr'>Epi·</span> 
     </span>
     <span class='ocr_line' id='line_1_31' title="bbox 78 3521 200 3604; baseline 0.041 -19"><span class='ocrx_word' id='word_1_236' title='bbox 78 3521 200 3604; x_wconf 87' lang='lat' dir='ltr'>phaniae.</span> 
     </span>
    </p>

    <p class='ocr_par' dir='ltr' id='par_1_10' title="bbox 81 3630 1075 3912">
     <span class='ocr_line' id='line_1_32' title="bbox 115 3630 1073 3721; baseline 0.004 -28"><span class='ocrx_word' id='word_1_237' title='bbox 115 3631 143 3694; x_wconf 81' lang='lat' dir='ltr'>l.</span> <span class='ocrx_word' id='word_1_238' title='bbox 166 3631 397 3721; x_wconf 81' lang='lat' dir='ltr'>blissaVigiliae</span> <span class='ocrx_word' id='word_1_239' title='bbox 412 3634 443 3698; x_wconf 91' lang='lat' dir='ltr'>in</span> <span class='ocrx_word' id='word_1_240' title='bbox 465 3632 616 3700; x_wconf 84' lang='lat' dir='ltr'>Adventu</span> <span class='ocrx_word' id='word_1_241' title='bbox 632 3632 828 3699; x_wconf 87' lang='lat' dir='ltr'>occurrentis</span> <span class='ocrx_word' id='word_1_242' title='bbox 858 3630 976 3696; x_wconf 86' lang='lat' dir='ltr'>dieitur</span> <span class='ocrx_word' id='word_1_243' title='bbox 1000 3654 1073 3697; x_wconf 88' lang='lat' dir='ltr'>cum</span> 
     </span>
     <span class='ocr_line' id='line_1_33' title="bbox 81 3723 1075 3812; baseline 0.005 -24"><span class='ocrx_word' id='word_1_244' title='bbox 81 3723 373 3794; x_wconf 80' lang='lat' dir='ltr'>Commemoratione</span> <span class='ocrx_word' id='word_1_245' title='bbox 389 3731 490 3795; x_wconf 84' lang='lat' dir='ltr'>Feriae</span> <span class='ocrx_word' id='word_1_246' title='bbox 505 3729 685 3812; x_wconf 71' lang='lat' dir='ltr'>Adventus,</span> <span class='ocrx_word' id='word_1_247' title='bbox 709 3731 784 3794; x_wconf 89' lang='lat' dir='ltr'>licet</span> <span class='ocrx_word' id='word_1_248' title='bbox 809 3725 850 3791; x_wconf 87' lang='lat' dir='ltr'>de</span> <span class='ocrx_word' id='word_1_249' title='bbox 878 3749 915 3792; x_wconf 88' lang='lat' dir='ltr'>ca</span> <span class='ocrx_word' id='word_1_250' title='bbox 941 3748 1006 3792; x_wconf 90' lang='lat' dir='ltr'>non</span> <span class='ocrx_word' id='word_1_251' title='bbox 1035 3727 1075 3793; x_wconf 90' lang='lat' dir='ltr'>sit</span> 
     </span>
     <span class='ocr_line' id='line_1_34' title="bbox 83 3817 866 3912; baseline 0.006 -31"><span class='ocrx_word' id='word_1_252' title='bbox 83 3817 185 3886; x_wconf 88' lang='lat' dir='ltr'>iactum</span> <span class='ocrx_word' id='word_1_253' title='bbox 201 3825 368 3889; x_wconf 82' lang='lat' dir='ltr'>Officium:</span> <span class='ocrx_word' id='word_1_254' title='bbox 392 3826 512 3912; x_wconf 87' lang='lat' dir='ltr'>Vigilia</span> <span class='ocrx_word' id='word_1_255' title='bbox 527 3823 706 3890; x_wconf 82' lang='lat' dir='ltr'>Natiuitatis</span> <span class='ocrx_word' id='word_1_256' title='bbox 721 3832 866 3910; x_wconf 78' lang='lat' dir='ltr'>excepta.</span> 
     </span>
    </p>
   </div>
   <div class='ocr_carea' id='block_1_10' title="bbox 87 3925 1122 4199">
    <p class='ocr_par' dir='ltr' id='par_1_11' title="bbox 87 3925 1122 4199">
     <span class='ocr_line' id='line_1_35' title="bbox 119 3925 1076 4017; baseline 0.003 -29"><span class='ocrx_word' id='word_1_257' title='bbox 119 3925 146 3989; x_wconf 77' lang='lat'>5.</span> <span class='ocrx_word' id='word_1_258' title='bbox 169 3929 199 3992; x_wconf 81' lang='lat' dir='ltr'>si</span> <span class='ocrx_word' id='word_1_259' title='bbox 215 3930 246 3993; x_wconf 91' lang='lat' dir='ltr'>in</span> <span class='ocrx_word' id='word_1_260' title='bbox 259 3925 525 4017; x_wconf 85' lang='lat' dir='ltr'>Quadragesima,</span> <span class='ocrx_word' id='word_1_261' title='bbox 543 3942 574 3995; x_wconf 92' lang='lat' dir='ltr'>ct</span> <span class='ocrx_word' id='word_1_262' title='bbox 586 3930 731 4011; x_wconf 83' lang='lat' dir='ltr'>Quatuor</span> <span class='ocrx_word' id='word_1_263' title='bbox 741 3929 952 4016; x_wconf 87' lang='lat' dir='ltr'>Temporibus</span> <span class='ocrx_word' id='word_1_264' title='bbox 968 3949 1076 3993; x_wconf 88' lang='lat' dir='ltr'>occur·</span> 
     </span>
     <span class='ocr_line' id='line_1_36' title="bbox 87 4017 1122 4179; baseline -0.003 -92"><span class='ocrx_word' id='word_1_265' title='bbox 87 4021 260 4179; x_wconf 47' lang='lat' dir='ltr'>hakh&#39;igffia&#39;</span> <span class='ocrx_word' id='word_1_266' title='bbox 278 4025 403 4091; x_wconf 83' lang='lat' dir='ltr'>dicatur</span> <span class='ocrx_word' id='word_1_267' title='bbox 414 4026 508 4090; x_wconf 88' lang='lat' dir='ltr'>Missa</span> <span class='ocrx_word' id='word_1_268' title='bbox 522 4023 562 4090; x_wconf 88' lang='lat' dir='ltr'>do</span> <span class='ocrx_word' id='word_1_269' title='bbox 574 4026 665 4092; x_wconf 87' lang='lat' dir='ltr'>Fcria</span> <span class='ocrx_word' id='word_1_270' title='bbox 678 4049 751 4093; x_wconf 91' lang='lat' dir='ltr'>cum</span> <span class='ocrx_word' id='word_1_271' title='bbox 766 4021 1076 4091; x_wconf 86' lang='lat' dir='ltr'>Commemoratione</span> <span class='ocrx_word' id='word_1_272' title='bbox 1120 4017 1122 4021; x_wconf 70' lang='grc'><strong>’</strong></span> 
     </span>
     <span class='ocr_line' id='line_1_37' title="bbox 114 4135 208 4199; baseline 0.096 -25"><span class='ocrx_word' id='word_1_273' title='bbox 114 4135 149 4199; x_wconf 88' lang='lat' dir='ltr'>rgr</span> <span class='ocrx_word' id='word_1_274' title='bbox 162 4138 208 4182; x_wconf 66' lang='grc' dir='ltr'>ιω.</span> 
     </span>
    </p>
   </div>
   <div class='ocr_carea' id='block_1_11' title="bbox 202 4211 895 4284">
    <p class='ocr_par' dir='ltr' id='par_1_12' title="bbox 202 4211 895 4284">
     <span class='ocr_line' id='line_1_38' title="bbox 202 4211 895 4284; baseline 0.014 -11"><span class='ocrx_word' id='word_1_275' title='bbox 202 4237 284 4279; x_wconf 76' lang='lat' dir='ltr'>cuasa.</span> <span class='ocrx_word' id='word_1_276' title='bbox 297 4239 317 4274; x_wconf 85' lang='grc' dir='ltr'>ιι</span> <span class='ocrx_word' id='word_1_277' title='bbox 330 4240 379 4274; x_wconf 82' lang='grc' dir='ltr'><strong>ιιι.</strong></span> <span class='ocrx_word' id='word_1_278' title='bbox 849 4211 895 4284; x_wconf 77' lang='grc' dir='ltr'>Ι12</span> 
     </span>
    </p>
   </div>
   <div class='ocr_carea' id='block_1_12' title="bbox 0 0 1387 4738">
    <p class='ocr_par' dir='ltr' id='par_1_13' title="bbox 0 0 1387 4738">
     <span class='ocr_line' id='line_1_39' title="bbox 0 0 1387 4738; baseline 0 0"><span class='ocrx_word' id='word_1_279' title='bbox 0 0 1387 4738; x_wconf 95' lang='lat' dir='ltr'> </span> 
     </span>
    </p>
   </div>
  </div>
 </body>
</html>
