2754 4740
286 265 376 307 airus
399 263 584 310 cananaeum
608 263 733 306 nissen.
972 244 1036 309 tot

44 367 127 429 altare
143 365 378 449 accedentibus,
392 380 424 433 ct
439 391 511 434 cnm
525 390 564 433 eo
575 363 854 454 prosequentibus,
868 373 903 428 ut
915 363 1036 431 dictum

45 470 83 523 est
95 458 133 523 ad
151 458 259 525 Gloria
273 464 306 524 in
324 463 460 528 excelcis.

79 555 106 617 6.
127 555 158 620 Si
170 565 276 620 autem
292 555 591 643 sitpraedicandum,
605 555 821 638 concionator,
835 553 925 619 linito
935 556 1037 619 Evan-

43 649 124 733 gelio,
140 647 301 734 praedicet,
320 660 352 714 et
374 673 521 716 sermone
537 652 604 716 sive
620 650 775 714 concione
791 651 930 734 expleta,
949 646 1038 713 dica-

44 754 86 806 tur
100 741 204 823 Credo,
222 745 272 808 vel
292 745 317 808 si
328 767 393 809 non
407 746 448 810 sit
459 744 647 825 dicendum,
662 753 808 810 cantetur
822 741 1036 830 offertorium.

77 839 105 900 7.
127 837 204 901 Cum
221 858 298 902 vero
312 839 344 902 in
357 839 508 926 Symbolo
525 849 687 904 cantatum
700 838 845 902 lueritlt't
859 841 1039 901 incarnatus

45 944 88 1008 est,
102 929 261 1014 diaconus,
279 944 409 1020 accepta
421 936 523 1000 Bursa
539 932 580 998 de
596 933 777 1012 credentia,
803 931 959 996 ambabus
974 954 1040 997 ma·

45 1026 123 1089 nibus
146 1047 216 1090 eam
243 1025 347 1093 defert
370 1030 530 1093 elevatam
555 1049 629 1093 cum
657 1027 758 1092 solitis
782 1025 971 1091 reverentiis
996 1027 1038 1090 ad

44 1117 167 1184 medium
182 1121 303 1200 altoris,
322 1123 354 1186 in
371 1143 436 1210 quo
455 1124 593 1210 explicat
608 1122 794 1208 Corporale,
818 1131 851 1186 ct
866 1122 1040 1186 revertitur

43 1213 74 1277 ad
91 1215 314 1281 celebrantem.
339 1217 420 1283 Cum
448 1240 513 1283 non
540 1216 659 1283 dicitur
682 1216 799 1290 Credo,
823 1214 1039 1280 subdiaconus

44 1306 129 1373 delcrt
141 1310 276 1374 Bursam
291 1311 385 1377 simul
396 1333 470 1378 cum
486 1311 602 1392 Caliee,
619 1321 656 1376 ut
671 1311 754 1375 inira
769 1310 906 1376 dicetur.

77 1404 104 1467 8.
126 1405 157 1468 Si
171 1402 367 1493 quandoque
383 1408 550 1474 celebrans
561 1417 666 1473 cantat
682 1407 808 1472 Missam
824 1407 892 1470 sinc
903 1403 1050 1484 diacono

44 1507 68 1561 ct
80 1497 278 1582 subdiacono,
293 1502 467 1586 Epistolom
482 1512 590 1568 cantet
611 1503 644 1566 in
667 1503 738 1568 loco
754 1512 906 1567 consueto
923 1499 1039 1587 aliquis

44 1593 125 1656 lector
143 1595 373 1680 superpelliceo
399 1594 542 1679 indutus,
567 1597 623 1684 qui
648 1596 682 1661 in
696 1597 759 1661 fine
789 1617 854 1661 non
877 1595 1040 1660 oseulatur

43 1707 152 1752 manum
166 1689 375 1774 celebrantis3
392 1692 596 1778 Eoonqclium
621 1702 729 1758 autem
745 1701 852 1757 cantat
868 1692 937 1776 ipse
952 1693 1039 1754 cele·

42 1780 120 1846 bnans
140 1780 179 1846 ad
202 1804 303 1849 comu
325 1787 505 1873 Evangelii,
530 1787 585 1872 qui
609 1797 642 1850 et
664 1787 698 1850 in
720 1787 784 1852 line
801 1787 903 1849 Missae
926 1794 1033 1849 cantat

45 1877 174 1942 ltellicso
185 1890 240 1959 est,
259 1881 311 1943 vel
327 1882 548 1944 Benedicomoc
561 1883 705 1964 Domino,
723 1891 778 1945 aut
795 1882 993 1967 Requiesront
1005 1883 1039 1943 in

43 1991 110 2052 poce,
127 1995 181 2057 pro
196 1975 351 2059 temporis
374 1973 574 2040 diversitate.

48 2232 121 2308 Vll.
148 2239 201 2315 De
226 2237 443 2336 offertorio,
472 2250 506 2316 et
528 2243 617 2317 altis
638 2246 819 2339 usquead
837 2240 1036 2320 Callonem.

80 2516 106 2577 l.
128 2517 215 2581 Dicto
228 2517 385 2602 Symbolo,
404 2522 468 2597 vel,
487 2519 512 2582 si
525 2540 588 2583 non
601 2521 642 2585 sit
652 2519 837 2602 dicendum,
852 2521 1039 2608 postEvan·

48 2608 157 2692 gelium,
174 2611 343 2675 celebrans
366 2615 528 2677 osculatur
552 2615 652 2677 altare
676 2614 708 2676 in
731 2612 852 2696 medio,
876 2625 908 2679 et
917 2613 1039 2700 junctis

48 2693 172 2770 banibus
183 2702 396 2792 ante'peotus,
410 2706 532 2772 ibidem
546 2729 564 2772 a
576 2729 675 2772 manu
686 2710 812 2774 sinistra
825 2708 866 2774 ad
878 2707 1037 2793 dextram,

49 2796 86 2880 (ut
103 2797 214 2865 dictum
232 2811 281 2866 est
295 2804 404 2886 supra)
420 2803 517 2867 vertit
528 2824 562 2866 se
578 2802 619 2868 ad
631 2805 798 2888 populum,
816 2814 849 2868 et
864 2802 1040 2870 extendens

50 2911 76 2954 ae
81 2892 209 2982 jungens
221 2917 336 2959 manus
347 2893 444 2961 dicit:
457 2899 611 2961 Dominus
622 2897 786 2980 uobiscum,
801 2908 831 2962 et
839 2896 962 2984 junctis
974 2919 1039 2963 ma·

50 2985 124 3052 nibus
135 2992 306 3056 revertitur
318 3012 374 3076 per
386 2991 533 3056 camdem
545 2993 630 3056 viam
643 2991 682 3056 ad
699 2992 840 3057 medium
852 2995 970 3073 altaris,
981 2995 1037 3060 ubi

50 3084 200 3148 extendens
223 3097 256 3150 et
273 3087 412 3174 jungens
437 3109 561 3171 manus,
584 3099 745 3174 caputque
767 3089 1037 3169 Crueiinclinans,

50 3169 110 3241 dicit
124 3177 355 3266 Oremuestum
367 3183 499 3269 junctis,
513 3193 548 3247 ut
562 3183 663 3268 prius,
673 3184 834 3266 manibus,
850 3181 928 3247 dicit
942 3181 1041 3268 Offer-

51 3275 152 3358 loriam,
169 3286 199 3340 et
220 3277 330 3341 omnia
355 3300 426 3366 quae
456 3298 558 3365 usquc
582 3278 624 3342 ad
649 3278 746 3342 linem
766 3279 868 3343 Missa·
884 3277 916 3342 in
931 3275 1040 3343 medio

51 3365 136 3430 altaris
149 3368 287 3435 dicenda
310 3383 394 3455 sunt,
412 3371 492 3439 dicit
506 3372 628 3438 ibidem
644 3383 730 3438 stans
744 3393 856 3439 versus
870 3370 912 3436 ad
927 3373 1039 3454 altare,

52 3457 97 3521 nisi
110 3464 158 3528 ubi
172 3466 266 3530 aliter
281 3465 461 3534 ordinatur.

83 3554 109 3619 l.
130 3559 216 3625 Dicto
243 3561 423 3648 offertorio,
441 3562 635 3651 discooperit
657 3566 809 3646 Calicem,
835 3574 867 3629 ct
883 3562 925 3627 ad
940 3583 1042 3628 cornu

52 3645 174 3731 Epistola>
189 3658 283 3740 sistit,
309 3669 341 3724 et
354 3682 453 3725 manu
475 3659 589 3726 dextra
618 3672 747 3729 amovet
769 3682 902 3748 parvam
919 3660 1041 3726 Pallam

54 3736 167 3831 desuper
180 3753 339 3832 Hostiam,
356 3755 471 3840 accipit
492 3757 645 3820 Patenam
662 3779 736 3822 cum
752 3756 876 3837 Hostia,
891 3765 922 3820 et
934 3756 1042 3820 amba·

53 3832 99 3902 bus
114 3846 253 3911 manibus
265 3870 368 3935 usque
384 3851 424 3914 ad
440 3862 550 3936 peetus
566 3871 635 3924 eam
651 3853 809 3917 elevatam
823 3861 945 3930 tenens,
963 3872 1042 3915 ocu-

55 3929 83 3993 lis
92 3932 126 3997 ad
139 3939 238 4006 Deum
254 3944 400 4027 elevatis,
417 3956 450 4010 et
464 3946 569 4010 statim
600 3943 757 4029 demissis,
775 3947 877 4011 dicit:
901 3943 1039 4030 Suscipe,

56 4040 136 4093 venere
149 4033 256 4118 Potor,
276 4049 332 4101 etc.

88 4122 115 4184 5.
137 4126 167 4189 Si
181 4130 302 4196 fuerint
311 4134 380 4196 aliae
388 4135 506 4200 llostiae
515 4157 579 4202 non
592 4159 689 4224 super
699 4139 864 4221 Potenam,
878 4133 934 4200 sed
946 4153 1043 4218 super
