2832 4730
386 218 427 282 10
545 217 547 220 ’
843 239 947 280 nornen

381 340 553 404 habentem
570 361 695 424 rugam,
713 361 819 426 neque
836 341 1005 420 maculam,
1033 343 1152 426 qnippe
1175 366 1246 409 cum
1274 349 1312 411 sit
1325 348 1375 432 ejus

380 433 561 520 hymnodiae
575 432 653 512 filia,
673 455 744 520 quae
759 435 885 499 canitur
912 432 1038 498 assidue
1061 446 1134 500 ante
1157 438 1273 504 Sedem
1294 443 1373 504 llciet

380 528 477 614 Agni,
492 539 526 592 nt
542 529 588 592 illi
601 529 735 592 similior
750 531 895 614 prodeat,
917 531 1008 610 nihil,
1026 542 1181 615 quamam
1197 534 1265 598 fieri
1282 547 1374 620 potest,

382 624 533 708 praelcrre
549 622 657 705 debet,
683 622 771 710 quod
788 625 990 709 psallentium
1003 625 1136 707 animos,
1156 629 1222 691 Deo
1235 649 1271 692 ac
1283 628 1375 693 diuinis

381 718 489 801 rebus,
506 730 541 783 ut
558 720 721 798 convenit,
748 729 898 798 attentos,
923 741 1058 784 avocare
1085 721 1148 783 alio
1171 742 1208 785 ac
1221 721 1373 786 distrahere

381 814 479 897 possit
494 836 501 877 :
519 815 625 900 qualia
652 825 735 896 sunt,
755 816 780 878 si
800 837 870 900 quae
900 813 1063 878 interdum
1089 815 1121 877 in
1152 819 1315 881 sententiis
1337 829 1373 880 aut

381 909 488 973 verbis
501 919 671 974 occurrant
686 931 750 972 non
767 922 831 975 tam
854 920 927 994 apte
947 910 1167 995 concinneque
1194 910 1374 996 depositam

383 1013 505 1068 tantum
529 1006 672 1092 tantique
688 1005 833 1090 obsequii
862 1027 898 1068 ac
927 1003 1097 1066 ministerii
1129 1024 1208 1088 opus
1241 1006 1372 1090 exigeret.

298 1154 301 1160 .
382 1099 460 1180 Quae
473 1122 575 1164 causae
590 1099 756 1186 quondam
770 1101 927 1184 impulere
940 1119 1080 1161 summos
1091 1099 1263 1161 Pontifices
1279 1097 1376 1183 prade-

383 1215 524 1258 cessores
552 1205 679 1259 nostros
700 1194 803 1257 felicis
829 1193 990 1256 memoria·
1005 1193 1098 1255 Pium
1115 1191 1249 1276 hujusce
1261 1193 1375 1256 nominis

382 1289 554 1374 quintum,
580 1299 616 1352 ut
642 1289 846 1354 Breviorium
871 1289 1056 1353 Romanum
1090 1287 1219 1350 incertis
1242 1309 1301 1372 per
1324 1307 1376 1350 ean

382 1392 508 1445 aetatem
531 1383 657 1469 legibus
673 1404 803 1470 vagum,
829 1392 915 1446 certa
944 1392 1089 1467 stataque
1113 1380 1226 1444 orandi
1244 1379 1374 1445 methodo

327 1475 330 1481 ’
382 1477 540 1562 inligaret,
562 1489 594 1542 et
616 1479 814 1543 Clementem
832 1478 908 1544 VIII
925 1487 959 1540 ut
984 1474 1062 1539 illud
1085 1477 1189 1561 ipsum
1203 1478 1295 1562 lapsu
1316 1487 1376 1540 ten-

382 1571 478 1654 poris,
509 1594 545 1636 ac
570 1575 856 1660 Typographorum
875 1571 1001 1636 incuria
1028 1568 1252 1654 depravatum,
1289 1569 1375 1632 decori

381 1665 514 1749 pristino
530 1669 724 1732 restitueret.
738 1669 801 1731 Nos
816 1686 945 1752 quoqne
958 1666 991 1728 in
1008 1662 1155 1728 eamdem
1171 1665 1376 1748 cogitationen

381 1770 506 1824 traxere
521 1772 553 1824 et
567 1762 748 1827 sollicitudo
764 1773 870 1826 nostra
883 1783 959 1847 erga
975 1782 1025 1824 res
1040 1781 1156 1840 sacras,
1171 1780 1248 1844 quas
1260 1760 1374 1842 priman

380 1864 412 1915 et
427 1855 580 1938 optimam
597 1867 721 1940 partem
740 1857 882 1921 muneris
895 1856 994 1919 nostri
1009 1875 1187 1935 censemus,
1213 1864 1245 1917 et
1269 1855 1376 1938 piorum

380 1943 612 2034 doctorumque
638 1951 780 2015 virorum
799 1947 924 2036 judicia
954 1958 984 2011 et
1015 1958 1100 2028 vota,
1128 1946 1375 2032 conquerentium

380 2041 412 2102 in
429 2063 467 2104 eo
489 2044 644 2108 contineri
665 2068 729 2109 non
744 2067 857 2131 panea,
883 2066 954 2131 qnae
979 2044 1046 2108 sive
1063 2064 1081 2107 a
1098 2043 1201 2127 primo
1224 2043 1326 2106 nitore
1346 2042 1378 2101 in·

380 2133 551 2198 stitutionis
575 2139 777 2220 excidissent,
799 2142 866 2204 sive
886 2141 1032 2203 inchoata
1062 2138 1167 2222 potius
1195 2159 1293 2223 qnam
1321 2157 1377 2221 per-

379 2227 463 2292 fecta
477 2229 583 2293 forent
606 2232 647 2295 ab
666 2234 747 2314 aliis,
773 2243 859 2297 certe
889 2255 907 2296 a
937 2231 1036 2296 Nobis
1063 2251 1245 2315 supremam
1274 2227 1378 2314 imponi

380 2343 511 2387 manum
543 2323 773 2390 desiderarent.
818 2329 881 2390 Nos
914 2329 1022 2411 itaque
1053 2325 1130 2388 huic
1163 2325 1210 2386 rei
1250 2324 1377 2387 sedulam

379 2438 510 2502 operam
540 2422 740 2504 navavimns,
768 2432 799 2484 ct
816 2421 910 2506 jussu
940 2429 1048 2482 nostro
1070 2418 1192 2504 aliquot
1219 2417 1335 2481 cruditi
1358 2427 1378 2477 el

379 2511 538 2595 sapientes
563 2515 624 2579 viri
655 2536 744 2578 suam
767 2515 850 2578 serio
881 2535 992 2579 curam
1015 2513 1231 2590 contulerunt,
1256 2531 1379 2596 quornm

379 2602 546 2691 diligentia
560 2607 730 2695 studioque
756 2610 935 2694 perlectum
966 2628 1047 2692 opus
1069 2615 1127 2685 est,
1157 2604 1245 2691 qnod
1269 2616 1379 2692 gratnm

378 2701 537 2782 omnibus,
555 2703 687 2791 Deoque
709 2714 740 2768 et
763 2705 885 2767 Sanctae
908 2702 1056 2766 ‘Ecclesiae
1082 2700 1298 2763 honorificum
1324 2700 1377 2761 lore

377 2815 567 2878 speramus:
597 2794 755 2882 siquidem
784 2798 818 2860 in
841 2819 879 2862 eo
904 2797 1020 2884 Hymni
1034 2795 1156 2881 (paucis
1171 2793 1326 2878 exceptis)
1340 2791 1380 2877 qui

346 2941 349 2944 .
378 2909 443 2951 nun
458 2901 573 2970 metro,
588 2891 644 2954 sed
659 2894 762 2956 soluta
775 2894 931 2973 oratione,
949 2903 1005 2956 ant
1027 2893 1122 2955 ctiam
1145 2890 1296 2975 rhythmo
1323 2909 1382 2952 eon·

378 2993 472 3066 stant,
490 2987 543 3050 vel
559 2985 833 3053 emendatioribus
856 2987 1023 3054 codicibus
1038 2984 1202 3064 adhibitis,
1220 2986 1273 3048 vel
1288 2984 1382 3068 aliqua

378 3077 462 3142 facta
489 3082 665 3145 mutatione
689 3081 730 3146 ad
757 3085 906 3148 carminis
921 3093 955 3147 ct
968 3081 1132 3146 latinitatis
1146 3081 1235 3164 leges
1252 3078 1310 3141 ubi
1326 3074 1381 3138 fieri

379 3175 494 3256 potuit,
518 3178 678 3241 revocati:
695 3179 751 3243 ubi
774 3201 851 3244 vero
867 3201 931 3243 non
947 3176 1062 3262 potuit,
1077 3172 1116 3236 de
1132 3175 1256 3259 integro
1274 3167 1383 3235 conditi

379 3277 477 3330 sunt:
501 3269 612 3334 cadem
642 3282 765 3356 tamen,
803 3273 909 3361 quoad
939 3273 1046 3348 licuit,
1069 3278 1194 3333 servata
1221 3267 1381 3330 sententia.

378 3362 538 3428 Restituta
562 3366 592 3427 in
608 3366 742 3432 Psalmis
771 3380 802 3433 et
822 3369 968 3433 Canticis
998 3363 1213 3449 interpunctio
1245 3359 1387 3424 editionis

378 3457 536 3542 Vulgata,
555 3471 585 3524 ct
602 3465 786 3527 canentium
810 3461 1044 3542 commoditati,
1078 3459 1119 3522 ob
1157 3477 1253 3543 qnam
1280 3453 1384 3517 eadem

379 3549 593 3636 interpunctio
621 3567 741 3621 mutata
758 3554 921 3620 interdum
936 3556 1053 3632 fuerat,
1085 3547 1202 3615 additis
1227 3546 1388 3611 Asterisch

379 3647 570 3710 consultum.
588 3651 718 3714 Petrum
745 3652 915 3715 Sermones
944 3660 975 3712 et
1004 3646 1150 3711 Homiliae
1172 3646 1295 3708 collatae
1325 3660 1386 3705 cnm

379 3737 525 3820 pluribus
541 3741 702 3827 impressis
717 3743 922 3825 editionibuS,
936 3753 967 3806 et
980 3741 1143 3808 veteribus
1158 3735 1387 3820 manuscriptis,

290 3856 292 3860 ·
379 3833 420 3895 ita
452 3835 550 3898 multa
580 3839 737 3923 suppleta,
769 3842 870 3904 multa
899 3836 1067 3917 emendata
1106 3845 1201 3920 atquc
1239 3843 1384 3897 correcta.

381 3928 569 3993 Sanctorum
598 3932 745 3997 Historiae
768 3956 807 3997 cx
831 3934 954 4019 priscis,
988 3942 1019 3996 et
1047 3930 1189 4016 probatis
1213 3926 1389 3991 auctoribus

379 4024 563 4108 recognitae.
586 4027 736 4091 Rubricae
758 4028 908 4093 detractis
924 4027 1097 4102 nonnullis,
1121 4021 1317 4111 quibusdam
1342 4017 1387 4081 ad·

376 4116 484 4201 jectis,
502 4119 617 4183 clarius
642 4131 673 4184 et
694 4121 894 4187 commodius
921 4122 1096 4207 eprIcatae.
1113 4117 1260 4202 Denique
1289 4112 1388 4177 omnia
