2832 4730
491 262 667 308 ansvraarr.
1043 247 1085 310 29
1154 287 1159 302 ·

75 367 223 449 Epaetsm
236 364 400 430 invenitur
414 364 577 450 eregione
592 364 684 450 eujus
714 365 859 431 invenies
886 369 1086 456 Septuagesi·

74 482 151 523 mam
170 458 225 523 die
242 458 449 539 bFebruarii,
463 455 550 521 diem
558 456 710 522 Cinerum
720 459 763 522 25
773 459 951 546 Februarii,
965 465 1086 530 Pascha

74 556 109 618 10
121 555 243 641 Aprilis
258 565 319 620 etc.

110 646 294 712 Notandum
320 656 426 711 autem
458 657 517 726 est,
548 649 635 733 quod
651 649 956 737 quemadmodum
948 675 979 716 nr
1001 675 1085 719 antro

73 744 244 849 eommuni,
261 740 396 806 cadente
414 742 534 805 Littera
558 743 749 807 Dominiealr
766 764 784 807 e
807 746 938 832 regione
959 750 1085 834 Epaetae

74 837 102 898 in
117 837 228 901 tabula
242 835 385 921 antiqua,
399 833 536 898 sumitur
547 832 662 899 eadem
686 837 809 901 Littera
833 841 979 923 proxima
1002 842 1085 907 infra

73 932 232 1015 limatam,
249 939 284 994 ut
306 927 467 993 diximus.
487 928 531 992 ita
553 950 682 1016 quoque
706 931 740 994 in
763 951 847 996 anno
867 934 1082 1019 Bissextili,'
1058 959 1084 1002 ar

74 1028 223 1090 alterutra
237 1023 373 1089 duarum
387 1023 580 1088 Litterarum
596 1024 845 1090 Dominiealium
861 1036 937 1093 tune
951 1051 1084 1094 curren·

75 1122 148 1184 tium
164 1142 182 1183 e
197 1121 330 1206 regione
343 1119 482 1204 Epactae,
497 1120 689 1204 reperiatur,
711 1119 910 1187 assumendae
926 1134 1000 1189 sunt
1015 1125 1084 1190 alie

74 1214 145 1278 dum
157 1214 276 1279 similes
286 1214 413 1278 Litterae
425 1212 573 1298 proxime
589 1213 769 1296 inferiores,
785 1224 821 1278 ut
835 1217 927 1282 Festa
952 1219 1083 1284 mobilia

75 1310 286 1373 inveniantur.

112 1405 157 1466 Ex
171 1402 281 1466 tabula
296 1421 374 1466 vero
390 1400 531 1486 paschali
548 1422 632 1466 nova
647 1403 690 1466 ita
705 1399 820 1466 eadem
838 1404 931 1470 Festa
954 1407 1085 1472 mobilia

74 1498 282 1583 reperientur.
322 1496 360 1559 ln
389 1497 504 1559 cellula
528 1497 655 1560 Litterae
688 1497 894 1564 Dominiealis
929 1503 1086 1567 currentis

73 1603 228 1677 quaeratur
249 1593 369 1676 Epaeta
391 1610 535 1655 currens.
565 1591 644 1654 Nam
666 1613 684 1655 e
707 1590 830 1657 directo
864 1597 971 1660 omnia
993 1597 1084 1662 Festa

74 1685 200 1749 mobilia
213 1682 511 1768 deprehendentur.
532 1685 573 1748 Ut
589 1705 673 1749 anno
690 1687 787 1768 1609,
802 1687 835 1751 in
852 1690 1084 1757 cellula'Litte·

73 1801 115 1842 rae
129 1777 365 1843 Dominiealisd
381 1787 457 1842 tune
480 1779 639 1842 currentis
661 1802 678 1843 e
701 1781 833 1867 regione
849 1785 975 1869 Epactae
993 1789 1081 1867 xxiv,

73 1897 140 1960 que
155 1873 269 1938 eodem
285 1893 369 1936 anno
395 1873 506 1953 currit,
523 1874 662 1940 habetur
690 1877 933 1965 septuagesima
959 1880 1012 1947 die
1043 1885 1085 1948 lb

73 1969 252 2050 Februarii,
281 1966 350 2031 dies
374 1966 524 2032 Cinerum
550 1970 570 2033 4
597 1970 721 2052 Martii,
749 1973 870 2038 Pascha
898 1978 939 2041 19
966 1978 1085 2064 Aprilis

75 2074 132 2127 ele.

114 2157 173 2222 Sed
187 2159 254 2222 sive
270 2157 413 2242 antiqua,
438 2157 506 2221 sive
530 2176 613 2222 nova
645 2156 754 2222 tabula
775 2162 916 2243 paschali
940 2174 1081 2248 utamur,

75 2253 261 2319 invenienda
276 2261 349 2316 sunt
364 2251 472 2315 omnia
482 2252 574 2314 Festa
597 2253 729 2317 mobilia
742 2255 775 2318 in
801 2257 893 2320 annis
904 2259 1082 2326 Bissextili-

74 2349 128 2412 bus
140 2371 195 2433 per
206 2348 357 2413 Litteram
370 2347 600 2411 Dominiealem
614 2349 837 2431 posteriorem,
849 2373 920 2436 quae
932 2355 1082 2420 nimirum

75 2443 166 2518 currit
181 2452 251 2527 post
265 2443 395 2504 Festum
412 2441 446 2504 S.
465 2440 592 2504 lllathiae
614 2441 770 2526 Apostoli,
785 2465 825 2506 ne
841 2447 963 2512 scilieet
978 2450 1082 2515 ambi·

75 2557 188 2621 gamus,
202 2545 273 2598 utra
301 2533 438 2597 duarum
451 2534 645 2598 Litterarum
667 2556 725 2620 pro
748 2535 810 2600 hoe
836 2551 891 2604 aut
913 2542 968 2606 illo
990 2545 1082 2610 Festo
1140 2592 1142 2596 -

76 2629 249 2716 indagando
273 2626 459 2714 accipienda
479 2630 537 2709 sit3
577 2629 619 2693 ita
636 2638 744 2692 tamen
759 2639 795 2693 ut
819 2632 1079 2720 Septuagesimae,

76 2734 104 2786 et
126 2723 187 2787 diei
219 2725 371 2788 Cinerum
401 2724 588 2789 inventaein
614 2724 780 2806 ianuario,
810 2736 865 2792 aut
893 2729 1080 2811 Februario,

76 2815 202 2883 addatur
218 2841 301 2883 unus
323 2817 405 2882 dies.
433 2817 527 2898 Quod
554 2817 628 2881 ideo
655 2817 700 2900 lit,
728 2819 805 2904 quia
835 2830 908 2884 ante
935 2821 1079 2891 diemS.

77 2915 225 2978 Mathiae
208 2913 309 2979 currit
319 2913 408 2998 prior
421 2913 541 2976 Littera
552 2911 771 2993 Dominiealis,
789 2935 860 2999 quae
877 2914 909 2978 in
921 2917 1082 2985 Kalenda-

76 3008 119 3070 rio
129 3009 335 3092 posteriorem
351 3027 478 3090 semper
489 3006 656 3090 sequitur3
689 3015 760 3089 post
778 3006 908 3072 Festum
923 3021 1029 3078 autem
1045 3017 1079 3080 S.

78 3101 222 3164 Mathiae
214 3123 246 3164 ιιι
267 3100 455 3181 Februario,
473 3099 560 3163 lieet
558 3099 726 3183 ιιοιῑιιιίοι
751 3102 872 3166 Littera
890 3117 1010 3186 currat,
1027 3109 1081 3174 ad

78 3192 155 3259 ditur
169 3207 274 3260 tamen
293 3207 368 3260 tune
379 3194 447 3259 dies
459 3195 691 3272 intercalaris,
684 3205 728 3259 vta
738 3195 903 3264 utdieshl
914 3202 1080 3269 Februarii

78 3289 258 3368 dicatur25,
291 3300 323 3354 et
352 3289 421 3354 dies
452 3288 712 3372 mercaturae,
740 3299 802 3354 ete.
834 3292 928 3373 Quod
956 3296 981 3360 si
1011 3296 1081 3365 dies

78 3379 214 3447 Cinernm
246 3381 338 3448 cadat
366 3385 400 3446 in
428 3384 589 3464 Martium,
608 3381 890 3449 nihiladdendum
914 3397 973 3467 est,
1004 3394 1080 3477 quia
1140 3467 1143 3472 .

79 3485 144 3540 tune
163 3490 194 3542 et
207 3479 327 3542 Littera
346 3478 504 3563 posterior
520 3478 632 3559 currit,
650 3487 682 3541 et
705 3477 775 3541 dies
796 3480 914 3543 mensis
943 3486 1081 3569 propriis

79 3571 206 3634 numeris
229 3570 436 3657 respondent,
450 3593 524 3635 eum
551 3570 620 3635 dies
643 3573 840 3637 intercalaris
855 3574 1020 3641 Februarii
1040 3572 1080 3645 sit

79 3659 202 3730 additus.
225 3669 293 3729 lmo
310 3667 369 3730 nisi
386 3688 443 3751 per
456 3667 667 3751 posteriorem
678 3667 831 3731 Litteram
847 3667 1079 3756 investigaren-

80 3763 132 3833 tur,
145 3779 204 3822 non
221 3759 422 3824 inveniretur
437 3770 523 3824 reete
548 3761 791 3846 Septuagesima
803 3761 835 3824 in
852 3783 935 3827 enno
950 3765 1078 3832 Bissex-

81 3847 130 3927 tili,
145 3863 290 3917 currente
302 3855 420 3939 Epaeta
435 3855 511 3920 xxiv
530 3855 582 3918 vel
596 3875 671 3935 xxv,
690 3865 723 3918 et
736 3855 856 3920 Littera
874 3857 1079 3926 Dominiealis

82 3940 128 4021 dc,
143 3949 218 4011 utin
234 3949 378 4013 secundo
399 3971 435 4012 ae
457 3949 551 4013 tertio
568 3952 715 4034 exemplo
732 3951 935 4046 perspicuum
950 3953 1004 4019 fiet
1020 3979 1077 4040 pro

56 4039 264 4120 annislllSll,
280 4054 311 4106 et
324 4043 421 4107 5784.
439 4045 583 4129 Exempli
601 4045 715 4129 gratia,
743 4066 827 4124 anno
844 4048 930 4110 2096
949 4049 1077 4114 Bissex·

84 4129 121 4193 tili
135 4137 244 4220 Epaeta
262 4141 323 4203 erit
340 4161 359 4201 v
376 4151 407 4203 et
427 4141 546 4202 Littera
572 4139 777 4202 Dominiealis
802 4142 833 4202 A
858 4164 890 4224 9
920 4144 952 4206 Si
979 4143 1078 4228 igitur
