2750 4738
362 252 423 318 15⁴
644 272 732 314 airus
755 270 945 314 cusuannnor
968 267 1091 309 urssarr.

358 376 439 439 alius
453 371 602 438 sacerdos
617 374 789 456 secularis,
807 393 905 458 supra
927 367 1212 455 Superpelliceum,
1226 368 1249 430 si
1269 391 1334 432 com-

357 466 453 533 mode
476 467 589 532 haberi
611 467 721 553 possit,
746 467 889 554 alioquin
913 465 981 528 sine
997 484 1035 526 eo
1051 485 1148 550 supra
1164 471 1260 527 vastes
1273 483 1334 526 oom-

358 584 483 646 munes,
500 562 610 628 dicens
623 561 666 629 ad
680 564 807 650 singula
821 562 963 648 singulas
978 559 1139 624 orationes
1161 557 1283 622 interius
1300 579 1337 642 po·

359 658 446 723 sitas.

401 752 435 816 5.
460 750 506 817 Ac
526 751 665 836 primum
683 753 843 840 accipiens
864 751 1025 818 Amictum
1049 749 1134 812 circa
1156 749 1340 812 extremitates

361 857 392 912 ct
406 845 589 925 chordulas,
607 848 768 913 osculatur
789 844 872 912 illud
886 846 920 910 in
943 841 1061 926 medio,
1079 842 1136 906 ubi
1162 851 1209 906 est
1223 863 1301 920 crux,
1319 851 1341 904 et

359 943 450 1027 ponit
471 961 568 1027 super
582 951 689 1026 caput,
707 951 739 1006 et
763 963 837 1006 mox
852 939 993 1004 declinat
1007 935 1047 1001 ad
1064 938 1196 1017 collum,
1214 947 1244 1000 et
1256 958 1288 999 eo
1301 958 1342 1001 re-

358 1036 452 1100 stium
469 1035 599 1100 collaria
607 1035 854 1123 circumtegens,
864 1033 953 1099 ducit
962 1030 1133 1098 chordulas
1145 1031 1206 1094 sub
1217 1031 1342 1111 brachiis,

361 1140 393 1195 et
407 1128 649 1196 circumducens
660 1153 718 1217 per
733 1130 877 1214 dorsum,
890 1140 963 1194 ante
980 1137 1088 1213 pectus
1100 1125 1227 1190 reducit
1238 1126 1342 1210 olliget.

359 1225 440 1288 Tum
454 1223 535 1289 Alba
552 1221 709 1302 induitur,
733 1236 829 1311 caput
850 1223 1051 1303 submittens,
1074 1217 1196 1282 deindo
1217 1220 1344 1282 manicam

359 1316 505 1382 dextram
520 1317 653 1382 brachio
675 1315 801 1400 dextro,
818 1327 850 1382 et
865 1318 1026 1380 sinistram
1043 1314 1173 1379 sinistro
1190 1315 1343 1398 imponens,

362 1411 475 1476 Albam
492 1413 593 1497 ipsam
608 1414 735 1497 corpori
749 1412 888 1498 adaptat,
904 1413 1010 1476 elevat
1024 1419 1108 1490 ante,
1127 1419 1161 1474 et
1179 1431 1198 1473 a
1220 1406 1345 1472 lateribus

359 1504 534 1588 hincinde,
552 1516 584 1571 et
599 1504 735 1592 Cingulo
747 1529 807 1594 per
820 1505 1001 1570 ministrum
1013 1525 1030 1566 a
1044 1507 1135 1588 tergo
1151 1503 1213 1566 sibi
1226 1509 1344 1587 porrecto

360 1623 394 1664 se
406 1601 517 1688 cingit.
535 1601 679 1667 Minister
692 1604 797 1668 elevat
810 1599 926 1666 Albam
939 1620 1036 1683 super
1051 1597 1224 1684 Cingulum
1240 1597 1346 1660 circum·

360 1696 456 1765 circa.
473 1705 509 1759 ut
522 1696 656 1761 honeste
669 1693 863 1780 dependeat,
884 1705 914 1758 et
932 1703 1017 1779 tegat
1033 1701 1156 1774 restes3
1172 1714 1209 1756 ac
1221 1689 1285 1776 ejus
1298 1688 1347 1750 lim·

360 1790 446 1854 brias
459 1788 737 1876 diligenteraptat,
751 1802 787 1855 ut
802 1789 842 1854 ad
860 1787 1061 1853 latitudinem
1074 1785 1168 1873 digiti
1181 1788 1231 1849 vel
1245 1783 1346 1848 circiter

359 1905 456 1969 snper
468 1893 586 1958 terram
598 1886 764 1972 aequaliter
776 1880 1026 1950 fluat.Sacerdos
1038 1882 1154 1966 accipit
1162 1880 1345 1964 Manipulum,

360 1982 522 2044 osculatur
536 2001 663 2044 crucem
682 1980 713 2043 in
730 1979 848 2064 medio,
875 1989 904 2043 ct
923 1977 1059 2063 imponit
1073 1975 1208 2040 brachio
1231 1973 1346 2038 sinistro.

361 2071 484 2137 Deinde
500 2073 656 2138 ambabus
671 2075 819 2137 manibus
835 2073 993 2158 accipiens
1017 2073 1151 2153 Stolam,
1169 2069 1261 2134 simili
1272 2062 1346 2129 modo

362 2164 576 2250 deosculatur,
594 2179 626 2232 ct
641 2168 778 2254 imponit
792 2167 935 2232 medium
953 2166 1022 2252 ejus
1037 2167 1137 2247 collo,
1153 2187 1190 2229 ac
1214 2175 1348 2228 transver-

362 2259 461 2326 sando
477 2285 548 2327 eam
563 2273 637 2328 ante
653 2274 763 2348 pectus
779 2264 810 2326 in
823 2262 955 2327 modum
971 2261 1086 2340 crucis,
1104 2258 1196 2326 ducit
1217 2266 1347 2345 partema

362 2356 488 2422 sinistro
511 2359 647 2422 humero
668 2358 874 2445 pendentem,
900 2355 940 2422 ad
960 2355 1139 2435 dexteram,
1163 2368 1196 2423 et
1211 2364 1349 2442 partema

362 2449 475 2516 dextro
488 2454 625 2518 humero
641 2452 848 2539 pendentem,
870 2452 911 2517 ad
926 2453 1098 2516 sinistram
1117 2453 1235 2540 Sicque
1250 2457 1347 2512 utran-

363 2567 425 2632 que
449 2558 572 2632 partem
589 2548 683 2612 stotae
700 2549 955 2613 extremitatibus
972 2547 1100 2634 Cinguli
1123 2548 1201 2612 hinc
1225 2540 1311 2609 inde'
1306 2535 1349 2624 ipsi

363 2639 498 2729 Cingulo
514 2643 693 2730 conjungit.

406 2738 438 2801 l.
464 2738 497 2802 Si
512 2739 678 2802 celebrans
693 2739 732 2804 sit
743 2740 929 2826 Episcopum
942 2740 995 2804 vel
1008 2736 1130 2818 Abbas,
1144 2749 1181 2802 ut
1194 2754 1294 2820 supra,
1302 2747 1350 2790 11⁰ss

363 2829 452 2896 ducit
467 2833 588 2900 Stolam
600 2843 674 2898 ante
690 2845 801 2921 pectus
817 2835 849 2898 in
861 2831 994 2898 modum
1007 2832 1122 2912 crucis,
1140 2831 1200 2896 scd
1214 2828 1284 2895 sinit
1294 2822 1350 2886 hinc

362 2923 437 2988 inde
461 2937 612 3014 utrasque
636 2929 852 2994 extremitates
868 2925 1022 3012 pendere,
1045 2937 1077 2990 et
1099 2937 1292 3013 antequam
1287 2913 1351 2980 acci·

365 3019 430 3106 piat
445 3022 576 3104 Stolam,
598 3023 713 3109 accipit
733 3045 865 3109 parvam
894 3043 1022 3087 crucem
1048 3023 1253 3107 pectoralem,
1276 3028 1350 3100 qnam

365 3117 536 3200 osculatur,
556 3128 588 3182 et
606 3120 712 3183 collo
705 3119 885 3204 impositam
908 3117 983 3188 sinit
998 3127 1071 3181 ante
1088 3126 1200 3226 pectus
1214 3103 1352 3178 chordulis

316 3296 318 3302 Ι
366 3210 519 3322 pendere.
546 3212 746 3299 Manipulum
767 3233 897 3299 quoque
919 3233 983 3275 non
1008 3211 1125 3321 accipit
1145 3221 1220 3274 ante
1241 3205 1350 3273 stolam

367 3305 426 3368 nisi
449 3307 481 3369 in
505 3307 606 3382 Missis
621 3310 863 3390 Delunctorum,
887 3305 943 3372 sed
966 3307 1081 3392 accipit
1104 3304 1143 3368 ad
1169 3307 1275 3380 altare,
1296 3312 1353 3358 111111

366 3398 398 3462 in
421 3401 618 3465 confessione
639 3399 717 3468 dicit
737 3401 982 3488 Indulgendum,
1009 3401 1165 3487 illumque
1181 3400 1265 3486 prius
1279 3407 1352 3454 oscu-

368 3494 464 3558 latur.
1359 3503 1360 3554 l

408 3591 573 3654 Postremo
589 3588 738 3655 sacerdos
753 3589 1055 3675 accipitPlanetarn.

411 3685 442 3747 5.
467 3685 500 3749 Si
513 3685 553 3749 sit
567 3686 753 3770 Episcopus,
772 3685 824 3748 vel
836 3685 956 3764 Abbas,
970 3695 1006 3750 ut
1021 3706 1128 3770 supra,
1147 3683 1266 3747 habens
1281 3687 1360 3746 11111111

367 3777 612 3856 Pontificalium,
630 3789 662 3844 et
679 3779 863 3844 solemniter
884 3781 1037 3860 celebret,
1056 3780 1172 3866 accipit
1194 3771 1360 3872 1111111111

369 3879 400 3933 ct
412 3872 472 3935 alia
488 3881 524 3936 ut
540 3871 572 3936 in
587 3872 765 3938 Pontificali
783 3884 814 3939 ct
828 3829 1060 3940 Caeremoniaii.
1359 3881 1360 3884 ’
