2764 4742
242 161 264 224 4
701 174 807 218 runnu

242 280 368 347 indulte
381 279 536 368 precandi
552 291 583 346 et
599 276 780 365 psallendi,
809 287 874 340 tam
891 277 924 340 in
947 277 1075 360 Cboro,
1094 301 1198 366 quam
1217 303 1283 348 ex·

243 387 293 442 tra
305 379 409 453 illum,
422 397 516 440 more
535 384 567 438 ct
585 375 651 438 ritu
672 371 916 437 Breviariorum
942 373 987 438 sic
1006 395 1281 459 suppressorum‚

244 470 406 557 praediotis
431 469 595 549 Ecclesiis,
620 466 843 545 Monasteriis,
875 465 1106 547 Conventibus,
1130 469 1282 550 Militiis,

245 565 434 644 Ordinibus,
451 575 483 629 et
502 565 593 646 locis,
621 583 747 628 necnon
772 563 806 625 S.
831 564 873 626 R.
891 561 929 625 E.
947 560 1189 646 Cardinulibus,
1211 565 1284 628 Pa-

245 660 406 743 triarchis‚
423 658 695 745 Archiepiscopis‚
711 656 888 742 Episcopis‚
912 655 1104 738 Abbatibus,
1136 667 1169 721 rt
1204 657 1285 722 aliis

173 743 176 754 ’
245 755 461 820 Ecclesiarum
498 753 654 827 Prolatis,
690 751 870 836 ceterisque
898 750 1048 814 omnibus
1071 761 1103 814 et
1130 751 1286 838 singulis

244 851 391 937 personis
405 849 646 929 Ecclesiasticis,
672 845 877 910 secularibus
908 855 939 908 et
967 844 1170 931 regularibus
1190 846 1286 909 utri-

246 964 350 1030 usque
365 965 471 1026 sexos,
497 963 701 1030 quacumque
717 961 812 1004 causa
843 960 1004 1022 concessa,
1021 940 1219 1024 approbata,
1250 951 1286 1004 et

246 1039 411 1120 innovata,
439 1038 697 1125 quibuscumque
727 1045 884 1120 concepta
909 1033 1066 1114 formulis,
1092 1055 1129 1098 ac
1156 1034 1285 1101 decre·

172 1137 173 1140 ’
247 1131 287 1196 tis
312 1143 345 1197 ct
369 1133 519 1198 clausulis
539 1133 702 1210 roborata,
719 1130 851 1194 omnino
864 1151 1080 1195 revocamus:
1107 1132 1288 1195 volumus·

247 1247 311 1312 que
327 1226 380 1290 illa
402 1226 510 1290 omnia
540 1227 607 1290 uim
635 1233 667 1288 et
686 1223 836 1288 effectum
859 1221 901 1286 de
924 1235 1032 1288 cetero
1052 1245 1116 1287 non
1132 1223 1284 1289 habere.

249 1321 344 1386 Omni
367 1322 476 1408 itaque
493 1322 555 1385 alio
570 1341 632 1384 usu
656 1319 866 1406 quibuslibet,
891 1329 926 1384 ut
953 1318 1075 1384 dictum
1095 1331 1154 1401 est,
1168 1321 1286 1385 inter-

249 1413 347 1493 dicto,
361 1414 423 1478 hoc
437 1425 580 1478 nostrum
595 1412 809 1490 Breviaririm,
827 1433 865 1477 ac
879 1411 1033 1496 precandi
1046 1413 1286 1501 psallendique

248 1509 421 1572 formulam
444 1508 476 1572 in
500 1509 649 1573 omnibus
680 1506 840 1571 universis
866 1508 953 1572 orbis
977 1507 1286 1590 Ecclesiis,.ltlona-

250 1603 366 1682 steriis,
384 1603 573 1682 Ordinibus,
603 1612 635 1666 et
661 1603 740 1667 loeis
771 1603 867 1666 etiam
892 1603 1061 1688 exemptis,
1089 1603 1121 1665 in
1151 1601 1286 1689 quibus
1323 1675 1326 1681 ¹

250 1697 398 1762 Officium
420 1720 461 1762 ex
475 1720 564 1763 more
593 1707 626 1762 et
651 1697 716 1761 ritu
740 1694 836 1761 dicre
858 1698 1014 1762 Romanae
1039 1697 1191 1760 Ecclesiae
1211 1695 1285 1760 dici

250 1790 360 1871 debet,
385 1800 441 1856 aut
469 1792 648 1870 consuevit,
685 1791 771 1854 salva
796 1788 947 1874 praedicta
983 1790 1195 1869 institutione,
1226 1791 1287 1854 vel
1378 1838 1379 1847 2

250 1882 483 1949 consuetudine
498 1883 668 1970 praedictos
682 1882 838 1948 ducentos
866 1905 968 1948 annos
994 1893 1176 1969 superante,
1192 1905 1287 1970 prae-

252 1979 389 2063 cipimus
403 1980 580 2044 observari.
614 1981 795 2044 statuentes
825 1980 1029 2046 Breviarium
1055 1979 1158 2063 ipsum
1184 1980 1287 2042 nullo
1378 2042 1379 2045 ,

252 2093 397 2159 unquam
424 2084 571 2159 tempore
593 2075 646 2140 vel
677 2084 791 2157 totum,
813 2077 867 2140 vel
890 2098 930 2140 ex
952 2085 1042 2160 parte
1069 2071 1284 2155 mutandum,

253 2169 305 2232 vel
336 2167 365 2229 ei
395 2167 519 2254 aliquid
556 2167 755 2250 addendum,
793 2169 845 2232 vel
876 2170 1008 2233 omnino
1036 2164 1285 2230 detrabendum

253 2282 341 2324 esse:
367 2282 404 2327 ee
430 2284 665 2351 quoscumque,
691 2264 746 2348 qui
766 2264 869 2326 Horas
891 2262 1067 2327 Canonicas
1082 2281 1122 2322 ex
1137 2281 1233 2323 more
1251 2269 1286 2322 et

252 2355 318 2420 ritu
333 2355 433 2440 ipsius
458 2360 613 2424 Romanae
642 2357 817 2437 Ecclesiae,
844 2356 932 2442 jure,
955 2359 1008 2422 rel
1041 2354 1285 2420 consuetudine

253 2446 362 2512 dicere
375 2450 428 2513 rel
441 2452 577 2535 psallere
591 2450 722 2530 debent,
737 2452 909 2537 propositis
920 2452 1022 2537 poenis
1033 2471 1093 2535 per
1101 2449 1286 2514 Canonicas

253 2544 433 2608 sanctiones
461 2547 641 2610 constitutis
675 2545 707 2607 in
740 2567 807 2627 eos,
847 2547 903 2631 qui
941 2545 1088 2610 divinum
1126 2543 1284 2607 Officium

253 2635 398 2722 quotidie
427 2659 491 2702 non
518 2638 670 2721 dixerint,
716 2637 758 2702 ad
788 2637 963 2703 dicendum
999 2649 1031 2702 et
1071 2636 1283 2724 psallendum

253 2732 386 2814 posthac
398 2733 430 2795 in
446 2744 639 2819 perpetuum
663 2735 766 2797 Horas
782 2735 867 2818 ipsas
882 2732 1014 2798 diurnas
1031 2743 1063 2796 et
1087 2741 1280 2812 nocturnas,

254 2845 294 2888 ex
317 2825 416 2911 hujus
444 2828 583 2892 Romani
610 2828 768 2894 Breviarii
793 2829 978 2914 praescripto
1008 2838 1039 2892 et
1058 2825 1182 2892 rationo
1206 2848 1284 2889 om·
1377 2887 1378 2890 ,

195 3006 196 3009 ¹
254 2918 331 2983 nino
359 2923 481 3003 teneri,
514 2924 743 3011 neminemque
766 2946 806 2988 ex
829 2925 879 3007 iis,
907 2924 1026 3011 quibus
1057 2924 1120 2988 hoc
1148 2918 1285 2985 dicendi

255 3013 478 3100 psallendique
494 3037 610 3081 munus
637 3019 816 3082 necessario
844 3019 1029 3102 impositum
1058 3026 1116 3098 ost,
1134 3015 1194 3079 nisi
1218 3015 1286 3077 hac

256 3108 324 3171 sola
343 3109 482 3174 formula
497 3112 678 3177 satisfacere
695 3135 801 3198 posse.
816 3114 973 3198 Jubemus
1000 3105 1099 3199 igitur
1114 3097 1226 3176 or'nnes
1253 3117 1288 3172 et
1335 3127 1340 3138 ·

256 3203 410 3289 singulos,
423 3206 636 3290 patriarchas,
661 3209 942 3294 Arebiepiscopos,
966 3210 1150 3294 Episcopus,
1167 3204 1286 3270 Abba-

256 3305 315 3374 tes‚
335 3309 365 3361 ot
381 3309 503 3364 ceteros
517 3303 732 3368 Ecclesiarum
747 3305 910 3386 Prolatos,
928 3313 963 3367 ut
992 3304 1115 3367 omissis
1142 3322 1213 3388 quae
1234 3299 1285 3363 sic

256 3394 501 3476 suppressimus,
520 3406 551 3461 ot
567 3398 778 3482 abolevimus,
796 3400 911 3464 ceteris
933 3398 1083 3465 omnibus
1098 3399 1195 3461 etiam
1212 3394 1284 3480 pri-

257 3486 355 3550 vatim
371 3510 430 3572 per
445 3511 499 3554 eos
511 3493 702 3574 constitutis,
718 3493 920 3557 Breviorium
936 3492 997 3556 lroc
1013 3493 1047 3555 in
1062 3491 1127 3554 suis
1142 3488 1283 3576 quisque

256 3581 418 3666 aeclesiis,
442 3585 653 3668 Monasteriis,
673 3588 903 3668 Conuentibus,
927 3585 1116 3666 Ordinibus,
1144 3581 1280 3660 Militiis,

257 3674 476 3758 Dioeeesibus‚
494 3689 526 3744 et
541 3681 618 3745 loeis
634 3679 795 3765 predictis
814 3679 1020 3746 introducant
1038 3701 1046 3742 :
1064 3688 1096 3742 et
1113 3687 1177 3740 tam
1202 3674 1277 3760 ipsi,

257 3789 355 3854 quam
371 3773 470 3836 ceteri
484 3795 594 3839 omnes
609 3775 800 3862 presbyteri,
819 3785 851 3840 et
878 3775 985 3840 clerici
1002 3774 1170 3839 saeculares
1185 3780 1217 3833 et
1232 3789 1283 3831 re-

257 3865 397 3949 gulares,
424 3869 591 3958 utriusque
617 3892 722 3953 sexus,
750 3893 901 3936 necnon
928 3871 1045 3948 milites
1070 3878 1102 3932 et
1125 3864 1279 3950 exempti,

148 4047 150 4050 Ι
257 3957 375 4042 quibus
390 3961 537 4027 Officium
562 3963 691 4029 dicendi
719 3975 752 4030 et
775 3965 934 4052 psallendi
960 3961 1278 4051 quomodocumque,

257 4051 338 4118 sicut
360 4055 556 4142 praedicitur,
575 4059 756 4146 injunctum
773 4072 832 4144 cst,
850 4071 885 4126 ut
901 4084 941 4126 ex
965 4060 1064 4146 hujus
1086 4056 1184 4122 nostri
1199 4056 1281 4117 Bre-
