2750 4738
238 903 410 994 RITUS
441 903 791 994 SERVANDUS

182 1155 235 1219 IN
268 1151 643 1220 CELEBRATIONE
675 1152 850 1218 MISSAE.

78 1411 107 1486 l.
138 1411 194 1486 De
209 1412 490 1510 preparatione
506 1409 708 1486 sacerdotis
724 1373 955 1486 celebraturi.

62 1678 89 1740 l.
115 1673 276 1741 Sacerdos
291 1675 510 1740 celebraturus
525 1676 664 1756 Missam,
688 1675 805 1760 previa
830 1678 1028 1742 confessione

26 1771 252 1852 sacramentali,
278 1769 407 1856 quando
424 1791 504 1856 opus
520 1780 577 1852 est,
598 1779 630 1833 ot
645 1771 757 1834 saltem
781 1771 935 1836 Matutino
952 1793 1027 1836 cnm

22 1863 174 1929 Laudibus
192 1864 353 1948 absoluto,
370 1864 506 1928 orationi
519 1864 755 1950 aliquantulum
771 1875 874 1945 vacet,
897 1876 928 1932 ct
954 1887 1028 1930 ora·

24 1965 112 2027 tiones
128 1964 266 2048 inferius
289 1963 406 2048 positas
425 1985 483 2049 pro
500 1963 652 2048 temporis
674 1964 912 2048 opportunitate
928 1962 1026 2032 dieat.
1135 2030 1138 2036 .

24 2057 134 2122 Deinde
150 2056 279 2124 aceedit
296 2055 337 2122 ad
352 2059 458 2122 locum
482 2058 515 2120 in
529 2057 682 2138 sacristia,
704 2059 755 2122 vel
779 2058 855 2122 alibi
871 2080 1028 2144 prepara·

25 2161 91 2234 tum,
109 2153 166 2216 ubi
183 2161 384 2238 paramenta,
401 2151 527 2238 aliaque
537 2149 579 2214 ad
587 2151 836 2216 celebrationem
852 2155 1029 2220 necessaria

24 2245 192 2311 habentur:
211 2244 327 2330 accipit
342 2245 479 2326 Missale,
504 2245 662 2331 perquirit
674 2245 813 2327 Missam,
832 2248 980 2334 perlegit,
996 2259 1030 2314 et

24 2345 175 2429 signacula
201 2342 329 2408 ordinat
345 2343 386 2406 ad
410 2365 447 2408 ea
470 2365 541 2429 quae
564 2343 708 2408 dicturus
724 2354 782 2408 est.
805 2347 918 2410 Postea
944 2348 1030 2414 lavat

23 2460 135 2522 marrus,
160 2438 276 2504 dicens
298 2439 474 2502 orationem
496 2437 630 2502 inferius
647 2438 793 2522 positam.
810 2435 934 2504 Deinde
951 2463 1029 2525 praa-

24 2545 99 2615 parat
115 2535 279 2600 Calicem:
297 2534 365 2619 (qui
382 2531 480 2598 debet
497 2555 565 2596 esso
582 2535 634 2597 vel
645 2554 772 2614 aureus,
784 2535 1027 2621 emergentem,

23 2637 67 2691 aut
80 2631 196 2693 saltem
208 2626 328 2691 babere
345 2648 482 2712 cuppam
498 2636 683 2714 argenteam
697 2627 782 2691 intus
794 2628 982 2711 inauratam,
997 2640 1030 2695 et

24 2721 104 2785 simul
120 2744 196 2787 cum
213 2723 334 2786 Pateoa
360 2719 472 2784 itidem
495 2721 651 2804 inaurata,
677 2721 718 2786 ab
740 2721 1031 2808 Episcopoeonse·

23 2823 129 2900 cratus)
145 2837 248 2902 super
271 2814 339 2901 ejus
355 2837 389 2879 os
412 2815 503 2901 ponit
524 2815 781 2882 Purificatorium
798 2814 969 2900 mundum,
996 2827 1030 2884 et

24 2930 109 2994 super
121 2909 207 2975 illud
220 2911 373 2974 Patenam
387 2931 459 2973 eum
471 2909 581 2982 Hostia
594 2908 729 2998 integra,
738 2931 835 2997 quam
847 2911 961 2976 leviter
973 2932 1030 2978 ex·

24 3006 119 3090 tergit,
134 3005 162 3068 si
180 3026 262 3090 opus
278 3013 336 3084 est,
355 3003 583 3092 alragmentis,
601 3013 633 3068 et
645 3025 716 3068 earn
733 3004 813 3090 tegit
827 3025 926 3090 parva
941 3006 1031 3072 Palla

24 3099 106 3182 linea,
125 3111 197 3166 tum
221 3100 302 3167 Volo
317 3100 418 3164 serico
430 3122 438 3164 ε
452 3099 550 3186 super
565 3099 646 3166 Velo
659 3099 749 3185 ponit
770 3101 904 3164 Bursam
917 3101 1031 3166 eoloris

24 3204 289 3278 paramentorum,
301 3193 385 3258 intus
397 3195 570 3259 habentem
581 3193 753 3279 Corporale
769 3194 933 3279 plicatum,
943 3194 1030 3282 quod

25 3307 57 3350 ex
74 3290 140 3352 lino
158 3299 285 3353 tantum
302 3311 371 3353 esse
384 3287 493 3368 debet,
517 3311 576 3352 nro
593 3289 694 3354 serico
710 3289 762 3353 vel
779 3289 906 3352 euroin
924 3287 1030 3354 medio

24 3379 186 3463 intextum,
204 3383 258 3446 sed
278 3394 377 3449 toturn
395 3386 515 3462 album,
535 3395 567 3449 et
589 3384 630 3449 ab
644 3384 813 3470 Episcopo,
831 3386 883 3448 vel
896 3384 958 3447 alio
976 3386 1030 3448 ha·

25 3473 109 3540 beate
125 3479 326 3560 facultatem,
340 3479 433 3543 simul
451 3501 523 3544 cum
535 3481 624 3543 Palla
637 3476 855 3543 benedictum.

60 3571 90 3634 l.
115 3571 245 3653 Quibus
267 3574 311 3637 ita
333 3571 507 3658 dispositis,
532 3571 655 3638 aceedit
676 3572 718 3638 ad
742 3583 939 3659 paramenta,
959 3593 1030 3660 qnae

25 3663 213 3730 nondebcnt
230 3688 297 3731 esse
309 3669 414 3732 lacera
432 3679 486 3732 aut
497 3669 604 3748 scissa,
618 3664 673 3732 sed
691 3668 826 3755 integra,
837 3676 868 3731 ct
880 3665 1032 3731 decenter

26 3757 136 3824 munda
147 3781 187 3823 ae
203 3763 348 3844 pulchra.
363 3772 395 3826 et
410 3763 450 3826 ab
462 3763 618 3848 Episcopo
640 3760 764 3844 itidem,
783 3764 835 3825 vel
850 3761 912 3825 alio
929 3760 1031 3824 lacul-

27 3861 113 3916 tatem
133 3854 289 3933 habente,
303 3855 503 3922 benedicta:
524 3858 580 3923 ubi
596 3857 754 3921 calceatus
778 3853 925 3941 pedibus,
939 3865 971 3920 ot
986 3853 1032 3918 in·

26 3942 112 4010 dutus
128 3949 273 4012 vestibus
289 3949 349 4013 sibi
365 3952 643 4029 convenientibus,
661 3971 796 4036 quarum
814 3951 954 4014 exterior
968 3951 1031 4014 sal-

28 4048 82 4104 tem
99 4044 201 4106 talum
218 4044 308 4129 pedis
323 4047 469 4134 attingat,
483 4044 588 4110 induit
604 4068 649 4128 se,
674 4046 699 4109 si
712 4046 752 4110 sit
766 4047 918 4111 Proelatus
933 4067 1032 4109 saecu·

27 4133 104 4217 laris,
129 4158 229 4228 supra
252 4140 464 4224 Rocbetlum3
492 4141 518 4204 si
545 4142 585 4204 sit
610 4141 764 4210 Praelatus
788 4140 955 4235 regularis,
980 4141 1031 4206 vel
