2750 4738
367 266 472 308 suanm
495 267 684 310 renrrrrcra.
972 245 1033 311 '117

42 375 138 440 laudes
153 370 319 438 Breviario
332 368 495 454 castigate,
510 369 653 452 omnino,
671 379 708 434 ut
726 369 893 434 Breviorio
909 369 1034 434 Missale

42 467 244 553 responderet,
262 475 298 530 ut
313 484 491 550 congruum
507 474 554 528 est
574 472 606 527 et
621 464 815 528 conveniens
831 463 917 549 (eum
933 481 1033 526 unum

42 566 67 626 in
80 563 214 628 Ecclesia
228 558 287 625 Dei
304 556 458 644 psallendi
475 556 619 642 modum,
637 581 738 622 unum
753 558 853 622 Missa·
866 556 1034 622 celebran-

40 657 79 722 dae
93 659 185 721 ritum
202 675 269 718 esse
285 653 423 716 maxime
437 650 562 737 deccat)
578 674 707 718 neccsse
714 652 782 739 jam
801 651 981 735 videbatur,
999 662 1034 716 ut

40 751 113 838 quud
128 752 287 837 reliquum
311 749 344 810 in
366 748 427 812 hac
439 758 527 832 parte
544 757 627 812 esset
642 747 682 812 de
699 749 767 834 ipso
783 769 899 832 nempe
916 747 1033 812 Missali

39 845 160 930 edendo,
171 843 409 932 quamprimum
425 843 648 930 cogitaremus.
659 846 766 925 Quare
779 842 912 907 eruditis
924 841 1033 906 delec-

40 942 70 1004 tis
84 941 154 1005 viris
169 961 249 1004 enus
268 938 329 1002 hec
355 936 617 1002 demandandum
642 937 803 1021 duximus,
829 936 1032 1024 quiquidem

39 1032 196 1121 diligenter
210 1032 333 1097 collatis
348 1031 496 1095 omnibus
509 1053 581 1095 cum
593 1033 727 1098 vetustis
743 1043 856 1096 nostra
871 1031 1033 1098 Vaticana

37 1129 242 1210 Bibliotheca,
274 1128 409 1212 aliisque
446 1127 589 1214 undique
619 1127 823 1214 conquisitis,
856 1123 1033 1188 emendatis

37 1233 119 1308 atquc
131 1221 323 1307 incorruptis
339 1219 515 1300 codicibus,
528 1243 653 1286 necnon
667 1233 812 1286 veterum
828 1220 980 1284 consultis
996 1239 1033 1283 ac

38 1319 232 1402 probatorum
258 1327 426 1381 auctorum
448 1318 586 1402 scriptis,
611 1319 665 1404 qui
683 1316 723 1381 de
740 1337 829 1380 sacro
845 1313 1033 1379 eorumdem

38 1412 142 1475 rituum
157 1411 301 1475 instituto
317 1422 523 1476 monumenta
537 1413 628 1476 uobis
644 1413 855 1498 reliquerunt,
874 1408 913 1474 ad
931 1410 1034 1496 pristi-

38 1528 99 1568 nam
114 1507 237 1570 Missale
253 1507 358 1591 ipsum
373 1516 555 1572 sanctorum
573 1510 706 1572 Patrum
723 1527 869 1571 normam
884 1526 922 1569 ae
936 1506 1032 1569 ritum

37 1603 241 1666 restituerunt.
255 1599 348 1683 Quod
363 1604 563 1688 recognitum
570 1605 640 1690 jam
653 1613 685 1668 et
696 1602 896 1688 castigatum,
909 1611 1033 1665 matura

37 1694 166 1762 adhibita
192 1696 460 1776 consideratione,
488 1709 525 1763 ut
546 1721 587 1762 cx
609 1699 671 1763 hoc
692 1697 847 1779 instituto,
866 1706 1033 1782 emptoque

37 1791 144 1871 labore,
171 1792 294 1855 lructus
316 1813 426 1855 omnes
447 1794 638 1879 percipiant,
661 1795 772 1859 Remae
793 1791 1032 1878 quamprimum

37 1885 175 1969 imprimi,
193 1895 290 1971 atquc
316 1885 504 1972 impressum
521 1877 574 1951 edi
593 1886 839 1953 mandavimus:
857 1905 973 1969 nempe
997 1891 1034 1946 ut

37 1979 202 2044 sacerdotes
230 1982 421 2066 intelligant,
449 1982 567 2068 quibus
589 1984 738 2068 precibus
760 1983 817 2062 uti,
843 2002 923 2069 quos
938 1980 1031 2060 ritus,

36 2094 142 2158 quasve
168 2075 375 2139 caeremonias
402 2076 436 2139 in
462 2078 627 2141 Missurum
651 2079 866 2143 celebratione
893 2077 1031 2140 retinere

37 2171 154 2251 posthae
171 2169 323 2235 debeant.
333 2172 374 2235 Ut
382 2181 489 2235 autem
502 2185 724 2237 asacrosancta
739 2169 1029 2252 romanaEeclesia,

36 2273 199 2328 ceterarum
215 2266 423 2331 eeclesiarum
438 2277 539 2331 matre
555 2280 586 2331 et
598 2269 760 2354 magistra,
779 2266 893 2332 tradita
910 2266 1030 2350 ubique

36 2361 254 2443 amplectantur
269 2381 378 2424 omnes
390 2372 422 2425 et
436 2363 618 2445 observent,
637 2385 677 2426 ne
690 2365 722 2426 in
736 2374 897 2446 posterum
915 2381 1030 2446 perpe-

37 2453 88 2515 tuis
101 2454 213 2518 suturis
229 2455 427 2539 temporibus
451 2457 482 2520 in
506 2457 655 2521 omnibus
676 2457 840 2521 christiani
856 2456 942 2520 orbis
958 2477 1030 2540 pro·

37 2547 200 2613 vinciarum
223 2551 501 2633 patriarchalibus,
527 2551 777 2635 cathedralibus,
801 2549 976 2636 collegiatis
999 2559 1031 2613 et

37 2641 270 2723 parochialibus,
287 2646 503 2728 saecularibus,
523 2656 553 2710 et
569 2648 756 2733 quorumvis
772 2646 942 2726 Ordinum,
960 2666 1029 2708 mo·

36 2738 245 2821 austeriorum,
265 2748 328 2802 tam
343 2741 497 2822 virorum,
516 2764 612 2828 quarn
633 2743 817 2821 mulierum,
835 2741 930 2804 etiam
947 2739 1029 2802 mili·
1099 2781 1101 2785 -

37 2827 150 2914 tiarum,
177 2832 379 2917 regularibus
406 2856 443 2898 ac
459 2836 527 2899 sine
554 2857 631 2900 cura
646 2838 802 2915 ecelesiis,
819 2838 871 2902 vel
887 2834 1027 2920 capellis,

36 2922 186 3009 inquibus
213 2927 307 2991 Missa
327 2932 547 2995 conventualis
569 2933 632 2996 alta
653 2953 732 2996 voce
753 2954 826 2996 cum
842 2932 952 3006 chero,
975 2941 1030 2995 aut

37 3014 159 3085 demissa
169 3021 325 3086 celebrari
330 3023 423 3110 juxta
433 3047 570 3090 romanae
582 3027 729 3090 Ecclesiae
740 3027 837 3090 ritum
849 3025 1027 3105 consucvit,

37 3113 80 3174 vel
93 3111 198 3196 debet,
216 3117 294 3181 alias
308 3140 405 3204 quam
416 3119 509 3205 juxta
526 3121 687 3205 Mquplrsa
703 3120 801 3184 Nobis
817 3118 1028 3208 editi-lungu-

37 3205 310 3318 RQ,
338 3224 584 3302 aQQtetur,
607 3216 731 3278 etiamsi
747 3212 868 3278 eaedem
887 3213 1028 3279 ecclcsiae

35 3305 244 3383 quovismodo
261 3319 416 3393 exemptae
437 3311 617 3395 apostoliea
634 3308 725 3373 Sedis
740 3307 876 3391 indulte,
898 3329 1028 3372 consuc-

36 3393 143 3479 tudiue,
158 3403 342 3488 privilegio,
360 3405 455 3468 etiam
467 3405 665 3491 juramento,
683 3403 923 3468 confirmatione
949 3425 1028 3488 ape-

35 3490 141 3574 stelica,
158 3497 210 3560 vel
226 3497 296 3560 aliis
311 3498 478 3584 quibusvis
498 3489 702 3564 facultatibus
717 3498 849 3562 munitas
865 3497 948 3579 sint;
965 3496 1025 3560 nisi

35 3581 143 3669 abipsa
162 3591 266 3676 prima
290 3593 486 3658 institutione
510 3617 526 3658 a
549 3594 632 3658 Sede
648 3595 820 3680 apostolica
837 3591 1024 3679 approbata,

36 3677 77 3740 vel
91 3685 329 3768 consuetudine,
347 3710 418 3775 quar
434 3692 485 3755 vel
502 3690 568 3775 ipsa
585 3690 740 3754 institutio
756 3711 852 3774 super
874 3688 1027 3752 ducentos

35 3789 119 3837 annos
134 3778 299 3846 Missarum
325 3784 589 3849 celebrandarum
607 3786 638 3848 in
663 3783 776 3848 iisdem
793 3785 933 3849 eeclesiis
949 3781 1026 3847 assi·

36 3860 88 3928 due
109 3870 271 3941 observata
297 3879 359 3942 sit:
391 3902 409 3943 a
436 3881 564 3967 quibus,
598 3891 632 3944 ut
657 3881 821 3966 praelatam
842 3877 1026 3943 celebrandi

37 3964 288 4054 constitutionem,
311 3974 363 4038 vel
390 3971 653 4040 consuetudinem
681 3997 884 4063 nequaquam
906 3975 1026 4038 auferi-

37 4071 106 4135 mus,
122 4061 163 4126 sic
177 4065 204 4127 si
220 4066 345 4132 Missale
360 4069 433 4152 hnc,
450 4068 536 4157 quod
553 4091 637 4135 nune
653 4072 686 4134 in
702 4073 806 4136 lucem
830 4069 882 4134 edi
899 4071 1025 4134 curavi·

38 4165 106 4236 mus,
126 4155 236 4225 iisdem
258 4165 358 4250 magis
380 4159 531 4252 placeret,
559 4164 600 4230 dc
626 4167 785 4255 Episcopi,
812 4169 863 4232 vel
886 4167 1021 4244 Praelati,
