2806 4736
380 219 413 260 in
435 217 589 260 nnsnrcns
611 217 760 262 nisenus.
1010 207 1070 270 111
1146 260 1151 273 ,

61 318 174 382 Altare
187 318 351 384 collocetur
366 318 458 392 Cruor
469 323 503 384 in
517 319 633 398 medio,
649 330 676 383 et
689 320 872 386 candelabra
886 326 994 392 saltem
1013 329 1074 395 dno

61 435 125 477 cum
143 414 279 480 candelis
295 422 426 481 accensis
450 416 520 480 linc
538 414 652 480 atinde
677 418 711 478 in
739 427 868 503 utroque
884 423 950 506 ejus
967 422 1072 490 lutere.

60 509 111 571 Aa
129 507 240 575 Crucis
252 511 360 596 pedem
371 523 511 596 ponatur
526 507 637 574 tabella
647 510 839 574 Secreturum
853 513 1018 597 appellata.
1034 520 1074 582 In

61 627 156 669 corrcu
170 607 319 692 Epistola
333 611 475 672 cassinus
490 604 708 692 supponendus
723 606 861 670 Missali:
874 621 901 673 et
916 611 953 674 ab
969 603 1069 678 eadem

60 713 146 784 parte
160 703 309 786 Epistola
320 716 451 789 paretur
466 724 581 780 cereus,
597 702 639 764 ael
653 701 849 766 elevationem
879 706 1073 774 Sacramenti

62 797 282 880 accendendus,
314 821 413 883 paron
444 795 639 882 campanula,
672 794 818 879 amputa
843 801 948 864 vitrea
966 805 1033 866 vini
1046 815 1075 867 et
1190 840 1196 862 .

62 912 159 975 oquae,
174 913 241 955 curn
251 891 404 977 pelvicula
420 904 446 956 et
458 891 653 974 manuterpio
665 889 781 952 mundo
794 892 827 952 in
837 891 1008 975 fenestella,
1021 919 1074 962 seu

63 987 94 1047 in
116 1007 220 1068 paruo
249 1009 353 1052 rnenso
383 987 423 1050 ud
447 988 508 1050 laec
525 997 715 1070 preparato.
738 985 838 1068 Super
868 987 966 1052 altore
993 992 1075 1056 nibil

62 1082 347 1165 oorninoponatur‚
375 1082 457 1168 quod
480 1082 520 1145 ud
540 1083 644 1144 Missae
671 1081 877 1165 Sacrificium,
903 1084 949 1148 oel
975 1089 1074 1170 ipsius

63 1174 172 1240 altoris
187 1191 333 1244 ornatum
347 1201 409 1243 non
422 1182 587 1264 pertineat.

104 1271 227 1352 Quaest.
244 1272 321 1339 207.
342 1273 428 1354 Quid
443 1272 631 1358 intellipitur
642 1292 700 1354 per
712 1269 844 1354 pallium
860 1272 1013 1340 Altaria?

103 1367 145 1430 R.
163 1368 219 1431 Est
237 1369 541 1454 vestimentumque
557 1387 632 1452 pars
649 1365 768 1429 Altaris
783 1369 927 1432 anterior
942 1372 1071 1459 tegitur,

63 1481 79 1524 a
88 1461 248 1545 palliando
264 1463 400 1547 dietum,
419 1472 624 1546 nuncupatur
640 1462 736 1526 etiam
751 1462 1074 1555 antipendinm,quia

63 1566 132 1620 ante
148 1561 259 1623 Astera
273 1558 406 1646 pendet.
422 1560 531 1623 Potest
542 1568 651 1622 tamen
666 1558 735 1621 sine
748 1579 789 1622 eo
806 1560 978 1644 celebrari,
994 1573 1074 1649 puta

63 1650 87 1714 si
102 1651 214 1718 Altare
226 1664 273 1718 est
289 1665 439 1720 ornatum
453 1675 545 1734 auro,
558 1651 667 1738 lapide
681 1652 836 1738 pretioso,
855 1664 938 1738 ete.;
959 1678 1023 1743 que
1040 1660 1072 1721 in

64 1767 136 1810 casu
148 1748 245 1813 etiam
262 1771 325 1815 non
341 1750 520 1837 requiritur
534 1758 570 1812 ut
584 1748 732 1832 superior
748 1747 874 1826 tobalea
900 1751 1000 1815 latera
1015 1752 1073 1817 Al·
1180 1742 1183 1746 ⁵

64 1841 137 1905 taris
152 1852 240 1930 tegat
252 1855 283 1910 et
297 1843 336 1909 ad
356 1854 475 1908 terram
490 1862 592 1928 usque
610 1839 796 1905 descendat.

107 1939 227 2019 Quaest.
263 1940 340 2004 208.
383 1939 461 2020 Qun
497 1938 654 2023 praecipue
691 1934 826 1999 notanda
861 1950 934 2003 sunt
971 1944 1073 2026 quoad

68 2033 221 2099 Crucem?

104 2133 146 2196 R.
165 2129 251 2195 Crux
262 2152 335 2196 eum
348 2132 488 2218 imagine
500 2127 650 2194 Crucifixi
662 2128 849 2194 collocanda
860 2141 908 2196 est
918 2131 952 2195 in
964 2132 1071 2197 medie

65 2223 180 2289 Altaria
191 2228 332 2311 praelia,
347 2227 392 2290 ita
406 2236 442 2291 ut
458 2248 513 2311 pes
525 2224 636 2290 Crucis
648 2235 754 2310 aeqnet
769 2225 972 2291 altitudinem
992 2228 1073 2292 viei-

66 2341 177 2384 norum
207 2319 488 2404 candelabrorum,
521 2331 553 2386 et
576 2318 662 2383 Crux
685 2319 754 2404 ipsa
776 2331 840 2384 tota
869 2317 1071 2388 candelabris

65 2414 312 2498 superemineat,
330 2416 435 2501 inquit
451 2413 679 2479 Caeremoniale
690 2413 934 2499 Episcoporum.

105 2511 140 2572 In
157 2508 258 2574 Alteri
277 2510 308 2573 in
321 2533 386 2597 quo
403 2520 451 2574 est
466 2531 582 2596 magna
597 2518 700 2572 statua
717 2509 879 2593 Crucifixi,
898 2512 950 2576 vel
966 2512 1070 2600 imago

66 2603 211 2669 Crucifixi
226 2628 298 2692 qnae
313 2615 449 2692 occupet
464 2605 644 2691 principem
667 2605 699 2668 in
722 2604 823 2669 Alteri
849 2609 902 2671 vel
928 2609 959 2670 in
985 2610 1071 2694 picta

65 2699 170 2764 tabula
189 2703 309 2782 locum,
323 2723 386 2765 non
403 2712 451 2765 est
465 2721 595 2764 neeesse
609 2709 644 2764 ut
660 2699 724 2762 alia
735 2711 873 2786 ponatur
884 2701 982 2769 Crux.

106 2794 308 2859 Consuetudo
339 2818 404 2860 nen
434 2792 618 2882 apponendi
649 2793 785 2859 Crucem
820 2796 904 2860 inira
941 2798 1069 2864 Missam

64 2887 190 2974 qnando
207 2891 264 2954 SS.
278 2892 525 2968 §accrementum
542 2890 726 2974 exponitur,
745 2899 847 2975 potest
873 2893 1006 2957 retineri
1036 2895 1068 2958 in

65 2982 114 3045 illa
129 2985 269 3049 Ecclesia
282 2988 335 3052 vel
351 2985 479 3051 dioeeesi
496 2985 552 3050 ubi
565 2985 684 3050 existit.

106 3077 224 3158 Quaest.
243 3081 318 3144 209.
348 3081 429 3159 Quot
440 3082 517 3144 cerci
531 3078 717 3143 accendendi
727 3089 800 3144 sunt
813 3082 846 3144 in
860 3083 968 3162 Missa,
990 3096 1018 3148 et
1033 3108 1070 3151 coc

66 3192 124 3255 qrca
140 3177 270 3238 materia
282 3176 413 3262 consecti
427 3196 488 3239 esse
504 3172 636 3237 debent?

104 3267 146 3332 R.
164 3269 228 3332 Pro
244 3269 347 3334 Missis
359 3269 503 3356 privatis,
516 3271 624 3354 plures
636 3289 733 3355 quam
745 3266 809 3333 duo
822 3270 908 3334 cerei
919 3271 951 3335 in
964 3271 1066 3338 Altari

66 3360 192 3424 accendi
207 3378 386 3450 nequeunt,
403 3366 463 3430 nisi
481 3364 663 3428 solemnitas
681 3361 827 3450 quaedam
842 3365 895 3428 vel
911 3369 1066 3451 expositio

67 3454 121 3517 SS.
137 3455 334 3524 Sacramenti
346 3461 503 3548 majorem
518 3480 690 3524 numerum
704 3461 857 3550 postulet.
888 3461 950 3524 Pro
965 3462 1068 3528 Missis

67 3557 168 3612 autem
189 3551 322 3636 privatis
343 3556 586 3640 Episcoporum,
600 3550 693 3619 decet
709 3555 741 3616 in
756 3554 856 3618 Festis
871 3556 1068 3622 solemnibus

67 3642 193 3707 accendi
209 3659 348 3732 quatuor
363 3648 525 3728 candelas,
537 3651 569 3712 iu
585 3649 655 3712 aliis
668 3649 768 3714 Festis
785 3671 848 3712 non
863 3650 905 3713 ita
921 3653 1069 3717 solemni·

68 3733 124 3798 bus
138 3748 169 3802 et
182 3740 284 3806 Feriis
300 3745 460 3809 sufficiunt
477 3743 560 3825 duaa,
570 3745 664 3831 juxta
682 3744 922 3810 Caeremoniale.

108 3831 168 3896 Pro
179 3835 282 3900 Missis
297 3841 506 3918 solemnibus,
524 3860 676 3904 numerus
700 3838 908 3904 candelarum
924 3861 989 3905 nan
1012 3839 1070 3905 de·

70 3929 268 3996 terminatur:
285 3934 318 3998 in
330 3937 434 4000 Missis
449 3947 556 4000 tamen
569 3936 703 4000 cantatis
717 3937 829 3999 saltem
845 3944 985 4020 quatuor
996 3946 1072 4002 sunt

36 4062 37 4068 κ
70 4022 652 4112 aseendendae,etinsolemnibusenm
662 4029 1069 4096 DiaconoetSubdiaeono

73 4114 215 4184 videntur
229 4143 283 4188 sex
299 4126 608 4216 accendendae,quia
619 4127 652 4192 in
672 4128 746 4190 Ritu
758 4124 931 4189 celebrandi
945 4127 1073 4190 Missum
