2806 4736
324 214 386 279 116
737 238 908 282 1111111111

321 331 462 390 etusest.
481 321 767 392 Crucifixusetiam
783 349 841 413 pro
858 329 971 396 nobis:
999 334 1061 398 sub
1088 337 1203 402 Pontio
1229 338 1323 404 Pilato

321 440 443 504 passus,
461 428 494 484 et
508 421 651 505 sepultus
679 431 738 488 est.
766 422 805 488 Et
834 425 1011 491 resurrexit
1027 429 1122 494 tertia
1137 429 1203 512 dic,
1220 453 1323 498 seeun-

321 512 400 578 dum
420 514 613 599 Scripturas.
631 514 827 582 Etescendit
856 518 889 582 in
916 523 1053 587 coelumr
1084 523 1177 590 sedet
1191 525 1231 590 ad
1255 524 1323 592 dex·

321 621 422 676 teram
438 609 553 675 Patris.
570 611 609 674 Et
620 611 737 679 iterum
750 624 906 679 venturus
922 626 970 680 est
982 637 1054 682 curn
1070 621 1173 702 gloria
1182 620 1321 707 judicare

321 707 412 773 vivos
427 716 459 770 ot
475 713 639 771 mortuos:
663 707 757 794 eujus
768 707 861 794 regni
874 730 938 772 non
960 711 1022 774 erit
1037 711 1120 778 linis.
1138 715 1220 779 Elin
1232 715 1321 801 Spiri-

321 815 390 870 tum
405 810 564 878 sanetum,
580 802 754 866 Dominum
766 811 798 866 et
814 801 1052 869 vivificantem:
1082 807 1137 893 qui
1165 830 1206 871 ex
1232 811 1317 873 Patre

320 899 466 985 Filioque
478 894 636 982 procedit.
657 897 720 979 Qui
743 918 817 961 cum
831 898 927 961 Patre
943 908 976 962 et
990 899 1071 964 Filio
1099 901 1194 966 simul
1216 901 1317 966 edora-

320 1005 384 1080 tur‚
398 1002 430 1058 et
444 991 720 1078 conglorificetur:
738 992 794 1078 qui
811 993 935 1056 loeutus
949 1001 997 1058 est
1012 1016 1071 1079 per
1085 998 1267 1082 Prophetas.
1282 998 1316 1062 Et

319 1111 417 1154 unam
445 1097 588 1152 sanctam
618 1088 809 1152 catholicam
840 1096 873 1152 et
897 1089 1110 1172 apostolicam
1140 1091 1314 1156 Ecclesiam.

318 1176 479 1242 Confiteor
493 1195 593 1239 unum
609 1175 768 1259 baptisma
796 1174 828 1240 in
858 1174 1082 1240 remissionem
1109 1188 1313 1260 peccatorum.

316 1273 356 1336 Et
370 1271 505 1356 expecto
517 1269 787 1334 resurrectionem
799 1278 1013 1350 mortuorum.
1030 1271 1069 1336 Et
1083 1272 1183 1337 vitem
1197 1273 1313 1340 venturi

317 1366 436 1431 seculi.
449 1364 566 1429 Amen.

360 1460 414 1524 17.
432 1461 466 1524 S.
490 1459 675 1525 Benedicens
690 1471 719 1525 et
734 1459 903 1546 infundens
918 1482 1031 1547 opocen
1043 1463 1076 1525 in
1090 1459 1222 1528 Calicem
1234 1463 1313 1528 dicit:

316 1557 412 1637 Deus,
443 1556 499 1641 qui
529 1556 676 1620 humente
706 1555 892 1620 substantiae
915 1553 1107 1642 dignitatem
1136 1558 1314 1622 mirabiliter

315 1649 499 1730 condidisti,
513 1660 546 1715 ct
557 1652 737 1716 mirabilius
752 1651 952 1716 reformasti:
982 1649 1023 1716 de
1039 1651 1132 1716 nohis
1147 1676 1206 1738 pcr
1227 1653 1313 1738 hujus

313 1767 404 1831 aque
420 1754 452 1808 ct
469 1744 537 1809 vini
554 1746 754 1832 mysterium,
771 1745 842 1831 ejus
858 1745 1041 1810 Divinitatis
1058 1767 1127 1810 esee
1144 1757 1309 1832 consortes,

313 1838 368 1924 qui
381 1835 589 1902 humanitatis
612 1848 727 1903 nostre
739 1838 808 1903 lieri
824 1835 976 1925 dignatus
987 1847 1036 1902 est
1046 1839 1217 1924 particeps,
1231 1840 1313 1903 Jesus

313 1931 456 1996 Christus
471 1931 569 1996 Filius
586 1940 661 1996 tuus
675 1932 832 1997 Dominus
848 1942 967 1996 noster.
997 1932 1061 2014 Qui
1078 1942 1185 1998 tecum
1200 1935 1275 2000 vivit
1285 1943 1312 1998 et

312 2033 426 2109 regnet
438 2025 471 2086 in
489 2024 611 2088 unitate
624 2025 761 2110 Spiritus
776 2025 877 2090 saneti
892 2026 996 2089 Deus:
1015 2046 1074 2112 per
1087 2027 1197 2091 omnia
1210 2027 1312 2092 saecula

313 2118 513 2182 seculorum.
531 2117 648 2183 Amen.
1383 2195 1384 2206 ,

357 2213 410 2277 18.
423 2210 456 2276 S.
474 2214 560 2277 etlll.
577 2214 632 2278 Ad
642 2214 822 2279 oblationem
840 2205 966 2279 Calicis.
983 2212 1156 2278 Offerimus
1169 2214 1236 2296 tibi,
1255 2217 1312 2280 Do-

313 2311 411 2394 mine,
429 2309 561 2376 calicem
577 2309 736 2390 salularis,
762 2320 849 2373 tuam
871 2307 1082 2395 deprecantes
1097 2310 1310 2374 clementiam:
1366 2364 1383 2384 „

310 2415 347 2470 ut
359 2406 393 2469 in
403 2414 576 2491 conspectu
592 2402 710 2469 divinae
722 2403 897 2491 Majestetis
905 2415 983 2491 tue,
996 2425 1055 2489 pro
1067 2413 1175 2468 nostra
1184 2414 1216 2469 11
1226 2406 1311 2469 totius

311 2499 422 2565 mundi
435 2500 536 2565 salute
552 2519 626 2563 cum
641 2497 740 2562 odore
753 2499 917 2563 suavitatis
934 2496 1098 2562 escendat.
1116 2497 1232 2562 Amen.

354 2599 409 2663 19.
427 2598 470 2661 Μ.
488 2594 572 2660 Ante
597 2594 834 2660 benedictionem
852 2596 982 2658 incensi.
1005 2591 1196 2658 Benedicite
1225 2596 1309 2659 Pater

310 2689 502 2758 reverende.

353 2788 387 2851 S.
403 2785 589 2850 Benedicent
605 2787 762 2849 incensum
779 2785 864 2849 dicit:
881 2785 944 2848 Per
955 2782 1217 2847 intercessionem
1232 2783 1308 2849 beati

309 2881 473 2948 Michaelis
487 2879 683 2968 Archangeli
695 2881 807 2945 stantis
824 2901 842 2944 e
858 2877 980 2942 dextris
1006 2877 1114 2941 altaris
1138 2877 1266 2956 incensi,
1281 2886 1307 2942 et

309 2977 453 3041 omnium
465 2977 640 3040 electorum
655 2996 798 3056 auorum,
813 2976 979 3039 incensum
994 2969 1079 3037 istud
1091 2969 1242 3058 dignetur
1255 2974 1306 3037 Do·

308 3071 414 3135 minus
425 3067 631 3152 benedicere,
657 3071 733 3136 etin
749 3067 883 3134 odorem
898 3065 1066 3132 suavitatis
1080 3066 1237 3150 accipere.
1251 3067 1305 3130 Per

309 3165 470 3232 Christum
484 3166 657 3229 Dominum
674 3175 831 3229 nostrum.
844 3163 961 3228 Amen.

352 3262 386 3326 S.
403 3261 487 3324 Dum
503 3262 639 3324 incensat
656 3258 781 3325 Oblata.
814 3259 984 3323 incensum
1003 3252 1090 3319 istud
1104 3276 1122 3319 e
1140 3267 1171 3322 te
1186 3255 1303 3322 benedi·

308 3367 407 3433 ctum,
424 3352 576 3419 ascendat
590 3352 633 3417 ad
658 3363 689 3418 te
716 3352 865 3436 Domine,
899 3360 931 3416 et
955 3347 1132 3416 descendat
1148 3372 1303 3439 supernos

308 3447 525 3514 misericordia
542 3458 608 3512 111.

349 3547 383 3610 S.
410 3547 496 3609 Dum
524 3547 661 3607 incensat
689 3541 813 3608 Altcre.
837 3541 1013 3627 Dirigatur,
1031 3540 1183 3624 Domine,
1212 3540 1301 3605 oratio

305 3663 377 3706 mcc
392 3641 474 3705 sicut
490 3640 655 3704 incensum
672 3640 704 3702 in
720 3647 981 3724 conspectutuos
1008 3637 1147 3720 clevatio
1163 3656 1302 3700 manuum

306 3755 450 3798 mearum
465 3732 654 3798 sacrificium
667 3733 898 3818 vespertinum.
923 3729 1025 3812 Pone,
1042 3729 1190 3812 Domine,
1207 3737 1302 3793 custo-
1375 3775 1376 3780 .

305 3826 391 3892 diem
404 3829 452 3890 ori
464 3849 550 3905 mco,
567 3837 599 3890 et
615 3828 731 3892 ostium
757 3825 1004 3891 circumstantiae
1026 3823 1120 3886 labiis
1147 3824 1245 3889 meis:
1272 3830 1302 3883 ut

305 3941 370 3985 non
386 3918 526 3984 declinet
540 3941 596 3984 cor
610 3942 719 3985 meum
731 3919 764 3984 in
778 3921 878 3985 verba
904 3917 1045 4001 malitiae,
1061 3915 1104 3980 ad
1119 3913 1300 3982 excusandas
1374 3907 1375 3960 l

305 4015 526 4082 excusationes
538 4014 570 4077 in
587 4016 736 4102 peccatis.
1181 4007 1183 4010 ’

352 4114 388 4178 S.
404 4113 489 4177 Dum
503 4110 605 4176 reddit
620 4111 826 4178 thuribulum.
851 4109 1016 4180 decondet
1041 4110 1073 4174 in
1096 4110 1189 4175 nobis
1202 4105 1297 4172 Domi·
