2750 4738
328 225 389 290 idi
752 235 898 277 ausuram

370 345 403 409 5.
428 343 507 407 Cum
523 336 651 418 dicitnr,
669 335 827 400 omittitur
848 355 976 422 semper
990 354 1121 410 nonum,
1138 331 1190 394 vel
1206 329 1315 394 tertium

325 435 588 526 Responsorium,
619 441 651 496 et
673 430 778 496 statim
808 428 928 495 dicitur
950 439 1021 516 post
1044 427 1189 492 ultimam
1211 425 1316 490 Lectio-

327 557 413 601 uem.

369 630 402 694 d.
428 626 508 691 Cum
532 645 594 688 nou
617 620 747 702 dicitur,
771 620 840 706 ejus
863 621 934 684 loco
957 618 1087 704 ponitur
1109 637 1250 698 nonum,
1279 617 1319 680 vel

329 723 459 788 tertium
474 717 745 805 Responsorinm:
762 737 827 804 qno
838 713 1044 797 dieto,statim
1059 711 1320 776 inchoautanan-

326 816 394 882 des.
406 815 560 880 Similiter
574 811 703 902 quando
721 811 839 879 dicitur
852 812 895 875 Te
911 811 1027 888 Deum,
1040 829 1079 872 eo
1093 809 1221 893 Hymno
1236 803 1318 882 dieto,

326 911 431 977 statim
445 910 636 974 inchoantur
658 907 794 986 Laudes,
813 916 1025 992 preterquam
1047 905 1079 967 in
1106 911 1201 967 nocte
1222 898 1321 963 Nativi-

328 1007 400 1072 tatis
411 1005 556 1071 Domini:
580 1006 654 1091 qnia
671 1014 747 1068 tnnc
762 999 880 1066 dicitur
895 999 1016 1083 Oratio,
1033 1009 1145 1084 postea
1161 995 1322 1061 celebratur

327 1101 433 1179 Missa,
449 1109 486 1164 ut
500 1119 557 1163 suo
574 1098 644 1164 ioco
659 1107 800 1162 notatur.

329 1365 508 1446 XXXII.
534 1367 590 1441 De
622 1362 798 1440 Oratione
825 1360 1036 1448 Dominicis,
1055 1364 1090 1433 et
1113 1354 1324 1431 Salarama

737 1485 930 1584 ariopolim.

371 1777 404 1839 t.
420 1770 529 1837 Oratio
538 1769 704 1836 Dominica
719 1771 814 1834 Pater
832 1774 949 1844 noster,
964 1773 996 1828 et
1016 1760 1173 1827 Salutatio
1189 1755 1326 1842 Angeliea

327 1869 397 1936 Ave
417 1867 529 1946 Maria,
546 1886 672 1951 semper
683 1864 835 1929 dicuntur
855 1871 976 1926 secreto
996 1867 1070 1944 ante
1086 1875 1200 1920 omnes
1227 1853 1323 1929 Horas,

328 1975 542 2051 praeterquam
565 1959 607 2025 ad
630 1960 898 2046 Completorinm,
924 1957 957 2019 in
981 1955 1072 2041 cujus
1097 1949 1254 2038 principio
1269 1953 1326 2030 post

328 2059 512 2124 Lectionem
528 2058 673 2141 brevem,
691 2058 828 2135 Fratres,
848 2052 956 2141 sobrii,
976 2050 1061 2114 dicto
1076 2050 1195 2127 Versu,
1209 2041 1325 2128 Adjuto-

328 2157 413 2220 rium
434 2164 590 2233 nostrum,
608 2152 725 2238 dieitur
739 2163 874 2231 tantum,
895 2150 993 2212 Pater
1008 2155 1128 2220 noster,
1145 2148 1287 2217 secreto;
1302 2143 1327 2195 ot

329 2252 362 2315 in
379 2249 442 2313 fine
455 2248 673 2335 Completorii,
690 2251 795 2312 statim
810 2255 881 2333 post
895 2244 1080 2308 Orationem
1095 2241 1205 2302 Beata
1221 2230 1322 2308 Maria,

330 2344 563 2423 dicitur,Pnter
575 2355 691 2427 noster,
702 2343 771 2407 Ave
783 2342 894 2421 Maria,
909 2348 941 2402 et
953 2333 1068 2414 Credo,
1082 2343 1187 2397 totum
1199 2325 1327 2393 similiter

331 2448 465 2504 secroto.
482 2438 594 2502 Finitis
620 2439 727 2516 Horis,
749 2447 781 2500 et
802 2434 887 2499 dicto
906 2434 1021 2514 Versu,
1039 2427 1202 2492 Fidelium
1216 2421 1324 2492 anima,

331 2533 449 2598 dicitur
469 2533 615 2597 similiter
635 2542 769 2615 secreto,
793 2533 890 2596 Pater
911 2536 1030 2608 noster,
1054 2531 1193 2603 tantum,
1217 2515 1271 2581 nisi
1286 2532 1326 2575 se·

331 2638 449 2715 quatur
461 2629 608 2693 Officium
619 2629 726 2692 Beate
738 2627 858 2704 Mariae,
871 2623 946 2710 quia
959 2631 1034 2685 tuuc
1045 2627 1116 2703 post
1133 2612 1215 2678 illud
1226 2609 1327 2673 dicitur

331 2727 426 2790 Pater
452 2733 569 2806 noster,
587 2733 623 2788 ut
644 2744 752 2808 supra,
776 2731 808 2786 et
830 2719 890 2784 nisi
916 2717 978 2781 alia
997 2715 1085 2778 Hora
1106 2710 1323 2794 subsequatur:

331 2830 408 2885 tune
423 2819 509 2884 enim
524 2817 642 2883 dieitur
659 2819 758 2882 semel
775 2825 909 2893 tantum,
931 2813 1027 2875 Pater
1047 2816 1167 2883 noster,
1188 2821 1258 2868 cum
1272 2795 1328 2859 Ave

332 2916 443 2997 Maria,
460 2935 519 3001 pro
534 2915 690 3000 principio
706 2912 868 3000 sequentis
890 2909 997 2990 Hora,
1023 2925 1087 2990 qua
1107 2901 1209 2982 finita,
1227 2891 1330 2958 dicitur

331 3016 427 3079 Pater
443 3020 567 3076 noster:
586 3008 628 3074 ita
642 3021 676 3075 ut
692 3031 819 3095 semper
835 3005 959 3071 dicatur
971 3004 1003 3066 in
1018 3001 1082 3064 fine
1101 2997 1223 3060 ultimae
1236 2990 1326 3054 Horae·

334 3109 367 3173 Si
384 3118 490 3174 autern
513 3116 584 3192 post
604 3107 761 3190 Vesperas
786 3099 1137 3184 immediatesequatur
1160 3085 1327 3171 Complcto·

334 3204 437 3279 rium,
469 3200 555 3266 dicto
580 3199 738 3265 Fideiium
771 3199 895 3280 animae,
928 3191 1080 3277 incipitur
1101 3187 1234 3265 Versus,
1259 3173 1328 3242 Jubc

231 3385 234 3392 ι
335 3300 464 3384 domne,
490 3297 695 3364 benedicere.

380 3397 412 3461 2.
437 3392 573 3477 Quando
597 3394 630 3457 in
650 3393 713 3456 fine
735 3388 895 3455 Orationis
916 3381 1089 3449 Dominicae
1115 3365 1328 3471 proferendum

336 3501 383 3556 est
398 3493 483 3555 clara
499 3509 590 3571 voce,
616 3489 656 3552 Et
672 3509 713 3550 ne
732 3507 789 3549 nos
815 3481 958 3562 inducas,
977 3495 1103 3560 semper
1127 3474 1160 3536 in
1187 3462 1329 3556 princip1⁰

336 3584 448 3651 eadem
464 3605 542 3650 voce
558 3585 765 3669 proteruntur
779 3581 847 3644 haec
859 3572 1046 3655 duo-verba,
1063 3571 1158 3632 Pater
1174 3573 1286 3632 noster,
1302 3559 1330 3613 ui

337 3682 370 3744 in
392 3681 556 3760 Precibus,
578 3689 609 3744 et
628 3679 802 3760 similibus3
828 3675 904 3738 alias
926 3686 1101 3754 numquam
1123 3661 1327 3748 proferuntur,

336 3774 393 3840 sed
408 3773 526 3840 dicitur
541 3786 643 3842 totum
659 3783 793 3840 secreto.
811 3768 862 3835 ud
877 3763 1001 3834 Laudes
1017 3781 1107 3842 vcro,
1126 3767 1158 3820 et
1173 3756 1326 3836 vesperas,

336 3870 466 3959 quando
482 3873 515 3936 in
529 3873 645 3938 Feriali
662 3871 774 3936 Officio
790 3866 941 3932 dicuntur
965 3863 1091 3937 PreceS,
1109 3863 1212 3918 totum
1228 3842 1328 3910 dicitur

337 3970 423 4034 clara
438 3988 517 4034 voce
533 3968 574 4032 ab
585 3962 858 4034 Hebdomadario.
1002 4043 1005 4046 ῃ
1273 4031 1279 4046 ,

382 4067 415 4131 5.
441 4066 595 4131 Salutatio
626 4064 779 4152 Angelica
809 4077 935 4142 semper
957 4050 1074 4116 dieitur
1100 4051 1173 4106 ante
1196 4035 1326 4103 Officium
1356 4131 1357 4134 Ἴ

337 4167 445 4231 Beatae
461 4163 580 4248 Maria,
606 4159 734 4251 quando
757 4179 821 4224 non
837 4149 1042 4238 conjungitur
1063 4159 1137 4207 cnm
1152 4133 1261 4202 Officio
1274 4127 1326 4190 ΒΘ·
