2806 4736
338 209 378 274 df
747 229 940 280 ouusrrouus

338 336 390 398 vel
411 332 578 419 anticipari
596 341 701 417 potest
725 333 820 397 Missa
849 335 881 396 in
896 334 1028 418 primam
1051 331 1131 394 diem
1146 333 1240 398 simili
1257 338 1329 402 modo

339 451 402 492 uon
418 426 620 515 impeditam.

382 525 591 602 Quaestlbl.
617 524 702 603 Quid
730 523 901 609 requiritur
921 533 954 586 ut
981 522 1078 585 Missa
1110 521 1146 585 de
1169 522 1216 587 die
1243 528 1327 602 tertio,
1388 565 1389 604 r

336 621 475 702 septimo,
500 621 656 701 trigesimo
686 617 733 681 vel
762 618 973 681 anniuersario
999 614 1154 699 prodieris
1178 620 1329 704 privilegiis
1388 617 1389 624 '

338 717 483 801 pandent,
497 717 634 781 videlicet
645 730 680 780 nt
692 720 791 802 possit
804 719 836 779 in
848 716 977 800 Duplici
991 717 1081 778 ctiam
1097 721 1213 800 majori
1224 719 1330 783 celebro·
1388 705 1389 718 ¹

339 813 379 888 ri,
396 810 453 892 vel,
468 812 698 876 occurrentibus
711 813 816 875 diebus
828 812 996 894 impeditis,
1016 810 1209 894 transferri?

382 908 423 969 R.
441 904 631 992 Requiritur
641 916 677 970 ut
688 907 782 970 Missa
804 914 963 982 cantetur,
982 913 1013 966 et
1041 925 1099 987 pro
1121 906 1329 973 Anniversario

339 1001 515 1088 requiritur
530 971 1148 1159 wentam,
1167 1012 1329 1065 recurrente

339 1094 391 1160 dic
407 1096 520 1160 Obitus
535 1117 553 1159 a
568 1117 638 1162 rave
678 1117 740 1160 rea
763 1116 807 1158 un
833 1104 921 1157 atore
944 1094 993 1159 vel
1007 1114 1065 1177 per
1085 1094 1328 1158 consuetudinem

338 1200 508 1284 assignata.
527 1199 564 1263 Si
575 1197 842 1263 Anniversarium
857 1219 916 1282 pro
939 1196 1086 1282 pluribus
1112 1207 1160 1261 est
1181 1195 1328 1262 fundatum

338 1292 453 1356 sufficit
467 1303 502 1356 ut
517 1293 557 1356 sit
572 1289 642 1356 dies
657 1293 772 1358 Obitus
787 1293 924 1377 alicujus
939 1314 979 1355 ex
996 1293 1086 1377 ipsis.

381 1384 564 1450 Notandum
588 1388 642 1452 hic
664 1399 712 1452 est
739 1390 773 1453 S.
801 1390 843 1453 R.
862 1388 898 1452 C.
913 1387 1079 1452 decretum
1093 1388 1328 1469 tatunatttt,

338 1504 402 1570 quo
413 1480 602 1546 conceditur
616 1493 663 1563 ut,
677 1481 808 1569 quando
821 1493 975 1568 petuntur
986 1504 1044 1568 per
1055 1505 1175 1548 annum
1190 1484 1331 1549 Annicer-

338 1577 420 1640 saria
443 1599 501 1661 pro
528 1576 693 1640 Defunctis
709 1577 907 1663 parentibus,
924 1579 1090 1663 fratribus,
1104 1579 1215 1643 amicis
1231 1589 1260 1642 et
1273 1578 1331 1641 aliis

338 1672 515 1752 Defunctis,
541 1672 640 1756 possit
669 1674 793 1735 caratari
824 1674 918 1736 Missa
949 1671 990 1736 de
1017 1674 1165 1760 Reperiam
1195 1674 1227 1737 iu
1253 1675 1331 1736 Festo

337 1766 464 1851 Duplici
492 1766 620 1847 minori,
641 1766 817 1831 dummodo
837 1790 942 1831 sermo
964 1769 1004 1833 sit
1026 1767 1135 1832 dedic
1162 1789 1236 1833 vere
1257 1767 1331 1831 anni·

339 1863 478 1928 versaria
505 1884 524 1926 a
551 1862 604 1925 die
632 1862 760 1926 Obitus.
790 1865 882 1927 Tales
908 1873 1016 1927 autem
1049 1864 1152 1928 Missoe
1180 1861 1333 1949 privilegio

339 1957 556 2021 translationis
571 1977 635 2019 non
657 1955 811 2042 gaudent.
901 2003 903 2008 ,
1104 2030 1109 2038 ‚

381 2051 589 2132 Quaesitae.
619 2052 769 2130 Quaenam
791 2055 888 2117 Misso
913 2053 1041 2116 dicenda
1066 2064 1109 2118 est
1134 2056 1167 2117 in
1184 2054 1330 2134 dietartio,
1389 2035 1390 2120 l

337 2151 475 2233 septimo,
493 2150 648 2232 trigesimo
666 2159 693 2212 et
709 2145 956 2212 anniversario?

380 2246 422 2309 R.
436 2242 578 2308 Robrica
594 2242 700 2306 infiue
715 2244 816 2307 Missae
832 2240 991 2325 secunde,
1016 2262 1073 2306 seu
1100 2243 1134 2305 in
1153 2242 1208 2324 ⁴die
1232 2244 1332 2308 Obitus
1389 2249 1390 2262 .

338 2340 440 2425 posita
451 2337 530 2402 dicit
547 2360 555 2402 ι
581 2341 619 2400 In
638 2339 687 2402 die
703 2343 803 2423 tertio,
819 2342 947 2424 septimo
958 2349 985 2402 et
1001 2341 1160 2423 trigesimo
1175 2341 1333 2424 Depositio-

337 2437 385 2498 uis
407 2434 555 2520 Defuncti
576 2434 690 2497 dicitnr
715 2436 812 2500 Misso
842 2445 876 2497 ot
903 2455 1010 2518 snpra,
1035 2438 1165 2518 exceptis
1188 2435 1333 2500 Orationi-

337 2529 392 2593 bus
408 2550 476 2614 qnae
490 2529 637 2592 dicantur
650 2541 685 2592 ut
700 2531 803 2615 infra:
825 2530 1013 2610 Quaesumus
1024 2530 1174 2611 Domine,
1187 2542 1221 2595 ut
1233 2532 1334 2594 animae

337 2623 448 2687 famuli
484 2624 530 2686 tui
564 2624 603 2687 Ν.
627 2622 720 2708 cujus
749 2625 965 2709 Depositiouis
995 2622 1081 2686 diem
1114 2627 1266 2708 tertium,
1295 2622 1334 2687 acl

335 2718 518 2803 septimum,
540 2717 587 2781 vel
611 2719 810 2804 trigesimum
834 2742 1126 2784 commemoramus
1153 2733 1208 2786 etc.
1225 2723 1262 2789 ln
1277 2720 1333 2784 An-

337 2814 513 2878 niversario
540 2836 617 2878 vero
643 2811 761 2878 dicitur
776 2816 870 2879 Missa
887 2816 980 2879 tertia
996 2837 1066 2900 quaa
1082 2816 1265 2880 inscribitur
1281 2839 1288 2876 ε
1303 2817 1333 2876 ln

337 2909 563 2974 Annivcrsorio
600 2910 834 2994 Destructorum.
868 2910 901 2972 Si
939 2908 1007 2972 dies
1036 2910 1087 2973 isti
1115 2911 1334 2987 transferantur

338 3004 425 3066 nulla
441 3014 489 3065 est
503 3005 635 3066 mutatio
654 3005 685 3066 in
709 3004 856 3068 Collectis
868 3003 1029 3067 facienda.

381 3094 476 3175 Quod
494 3097 519 3159 si
545 3107 658 3183 agatur
673 3096 714 3160 de
728 3099 888 3162 Defuncto
904 3099 1037 3162 Summo
1053 3101 1217 3184 Pontifice,
1235 3099 1333 3166 Cardi-

337 3191 413 3272 uali,
424 3190 590 3275 Episcopo,
602 3201 678 3255 tunc
689 3191 825 3254 sumitur
837 3193 931 3256 Missa
944 3192 1058 3276 prima,
1069 3203 1103 3257 ut
1115 3193 1235 3259 dictum
1247 3205 1290 3259 ost
1300 3194 1333 3256 dc

337 3307 449 3348 corum
465 3283 517 3348 die
529 3285 653 3366 Obitus,
667 3308 739 3349 cum
757 3285 871 3349 iisdem
883 3288 979 3350 ctiam
994 3287 1201 3353 Orationibus
1214 3314 1222 3373 5
1242 3308 1333 3374 neque

336 3380 435 3444 refert
449 3379 536 3466 quod
552 3381 584 3443 in
596 3380 802 3445 Orationibus
812 3382 866 3446 fiat
877 3381 997 3445 mentio
1010 3382 1075 3445 dici
1092 3385 1189 3462 tertii,
1206 3383 1333 3469 septimi,

337 3477 504 3564 trigesimi,
534 3476 583 3541 vcl
615 3476 838 3542 anniversarii.
865 3475 957 3540 Idem
983 3477 1191 3564 privilegium
1216 3473 1333 3541 extendi

337 3583 441 3657 potest
463 3570 504 3635 ad
519 3572 713 3636 Defunctum
729 3571 941 3657 sacerdotem.
1390 3657 1391 3660 Ἴ

379 3668 471 3730 Νοια.
489 3665 589 3728 Missas
610 3667 905 3730 confraternitatum
927 3667 1118 3750 animarum,
1135 3689 1205 3753 quae
1219 3672 1335 3731 cantan-
1390 3677 1391 3680 ’

338 3771 389 3824 tur
403 3770 576 3841 menstrue,
595 3762 647 3826 vel
661 3762 744 3825 infra
759 3761 913 3826 Octavam
928 3759 1086 3832 Fidelium
1101 3762 1333 3840 Defunctorum,

338 3858 432 3920 etiam
445 3878 518 3920 cum
528 3879 645 3944 magno
656 3869 827 3943 apparatu3
839 3859 916 3922 item
928 3858 1169 3937 Anniversaria,
1183 3879 1251 3945 quae
1263 3857 1334 3920 cele·

337 3953 471 4018 brantur
486 3973 504 4015 a
520 3952 676 4037 capitulis,
695 3953 849 4038 collegiis,
878 3953 1194 4018 confraternitatibus
1209 3963 1267 4016 etc.
1284 3971 1334 4035 pro

339 4046 485 4112 omnibus
501 4047 533 4109 in
549 4068 666 4132 genere
687 4048 851 4113 Defunctis
875 4048 1101 4133 confratribus,
1118 4049 1335 4134 permittuntur

338 4139 538 4207 solummodo
553 4143 592 4206 iis
619 4142 745 4226 diebus,
758 4146 875 4230 quibus
900 4146 976 4208 lieet
1002 4145 1112 4211 Missas
1134 4146 1271 4231 privatas
1298 4137 1333 4200 de

341 4239 483 4322 Reperiam
498 4238 674 4317 celebrare,
692 4240 753 4302 nisi
766 4240 924 4306 habeatur
939 4241 1077 4325 speciale
1091 4240 1262 4306 indultum.
