2806 4736
419 225 774 270 innuuarcrsurssams.
1030 210 1096 274 toa

125 337 165 399 R
179 333 349 418 Negatiro3
363 326 537 416 nequidem
550 335 655 412 potest
669 328 834 392 celebrare
848 329 996 394 Votivam
1011 331 1095 417 ejus·

81 427 156 491 dem
166 427 281 490 coloris
297 444 393 511 quem
410 422 509 507 exigit
524 418 607 484 istud
621 418 768 484 Officium
780 421 917 504 Duplex.
926 423 1021 486 Ratio
1034 435 1092 506 est,

80 518 168 605 quod
183 518 263 582 ritus
286 518 413 602 Duplex
441 515 525 577 illius
552 511 702 577 Ecclesia
724 513 894 598 prohibeat
915 537 955 578 nc
972 513 1095 580 ibidem

82 613 287 678 celebrentur
302 612 404 675 Missae
416 608 539 676 Votiiae
551 607 603 671 rel
617 603 657 669 dc
670 609 834 694 Reperiem3
850 611 937 694 atqui
947 607 1095 674 sacerdos

82 707 116 770 in
132 728 206 771 casu
223 716 350 770 tenetur
366 704 441 767 huic
459 724 492 766 se
519 702 583 788 legi
600 703 801 766 conformare
804 702 1098 790 ,quandoquidem

83 801 125 866 ad
141 802 262 864 nullam
273 801 436 887 obligatur
447 791 652 861 concordiam
666 796 885 880 personalem3
902 797 1000 860 babet
1011 799 1098 862 enim

83 897 232 959 Officium
248 894 469 979 Semiduplcx

130 991 283 1057 Similiter
297 989 489 1074 prohibetur
503 982 651 1049 sacerdos
666 987 774 1071 legere
797 987 947 1053 Votivam
976 989 1027 1052 vel
1056 943 1097 1052 de
1210 1020 1212 1024 ·

84 1086 243 1170 Reqorem,
274 1082 404 1170 quando
418 1081 518 1145 habet
532 1079 681 1144 Officium
696 1081 834 1165 Duplex,
853 1093 885 1147 et
907 1083 1073 1146 celebrat
1065 1105 1098 1146 m

82 1177 225 1242 Ecclesia
240 1179 294 1242 ubi
311 1178 460 1242 Officium
477 1185 523 1239 est
536 1171 744 1259 Semiduplex
757 1177 808 1238 vel
825 1176 985 1239 inferioris
1002 1177 1098 1257 ritus3

18 1267 21 1275 ‘
84 1273 159 1357 qnia
176 1275 208 1336 in
225 1275 287 1338 boc
302 1295 377 1338 casu
393 1273 555 1358 obligatur
566 1270 638 1355 lego
651 1272 809 1353 personali
826 1281 861 1335 ut
876 1292 909 1334 so
921 1270 1099 1335 conformet

83 1365 198 1432 Officio
215 1368 302 1454 quod
317 1368 485 1453 persolvit.

129 1460 223 1524 Unde
240 1473 354 1547 praetor
370 1460 450 1526 duos
477 1482 567 1525 casus
584 1461 616 1522 in
630 1459 803 1545 quaestione
822 1458 1013 1544 precedenti
1041 1460 1100 1524 dc-

85 1557 235 1639 claratos,
254 1559 403 1620 sacerdos
419 1567 547 1620 exterus
574 1554 672 1618 debet
698 1575 825 1640 semper
841 1556 967 1618 Missam
992 1557 1100 1642 legere

84 1649 283 1712 conformem
300 1652 412 1716 Ollicio
424 1647 511 1737 quod
525 1649 684 1728 recitavit,
701 1669 765 1714 non
778 1659 885 1713 autem
901 1650 1100 1714 conformem

84 1741 198 1806 Officio
221 1746 370 1810 Ecclesia
386 1746 418 1808 in
434 1768 499 1832 qua
515 1744 669 1823 celebrat,
698 1745 765 1808 sivo
792 1743 938 1808 Officium
960 1764 1051 1808 suum
1069 1755 1104 1808 ot

84 1837 234 1904 Ecclesiae
250 1842 290 1905 sit
304 1842 447 1928 aequalis,
465 1841 532 1905 sive
549 1839 714 1924 inaequalis
730 1838 821 1901 ritus.

131 1932 251 2012 Quaest.
271 1936 344 1999 191.
359 1935 423 2015 Ao,
439 1933 563 2021 quondo
579 1932 732 1995 celebrans
747 1932 840 1995 alteri
851 1954 936 1996 acuo
950 1931 1059 2021 Officio
1070 1957 1102 2000 se

86 2026 280 2112 conformare
296 2042 424 2108 tenetur,
445 2028 769 2093 Conamemorotionem
792 2030 844 2090 eui
869 2026 975 2114 Officii
992 2029 1102 2094 addere

82 2121 212 2203 potest?

130 2221 173 2284 R.
190 2222 262 2287 Non
278 2234 395 2309 potest3
413 2219 470 2288 sod
486 2223 633 2306 neglecto
650 2242 779 2305 prorsus
795 2220 906 2285 Officio
919 2243 987 2306 suo,
1006 2225 1104 2292 debet

85 2315 177 2400 sequi
195 2318 227 2380 in
244 2319 393 2383 omnibus
407 2317 615 2381 directorium
637 2317 785 2380 Ecclesiae
806 2317 838 2378 in
860 2339 924 2403 qua
947 2320 1101 2404 celebrat,

86 2408 194 2493 quoad
215 2410 335 2493 Gloria,
354 2412 553 2499 Symbolum,
570 2410 806 2492 Praelationrm‚
820 2409 989 2474 Orationes
1012 2436 1106 2496 quas-

85 2521 241 2590 cumque.

7 2673 8 2682 χ
129 2599 282 2665 Attamen
297 2603 322 2666 si
338 2601 487 2666 Officium
505 2601 589 2664 illius
611 2601 760 2664 Ecclesiae
780 2598 924 2663 includat
938 2603 1104 2686 pluralita-

86 2700 153 2755 tem
167 2693 356 2759 Orationum
371 2701 494 2783 (quaest.
510 2695 599 2777 165),
614 2695 733 2780 poterit
750 2695 856 2758 laccrc
869 2695 1105 2763 Commemora-

87 2785 210 2850 tionem
224 2790 272 2852 sui
285 2790 449 2854 Officii.Et
464 2790 654 2870 sic,lrabcns
666 2790 814 2854 Officium
831 2791 1006 2854 Dominirae
1022 2793 1105 2857 inira
1195 2859 1199 2876 ¹

87 2877 243 2948 Octavam
257 2886 305 2948 sui
320 2884 463 2966 Patroni,
482 2883 633 2946 incolere
649 2883 760 2961 rubro,
775 2892 806 2945 ct
821 2882 986 2946 celebrans
1000 2886 1031 2947 in
1044 2887 1106 2950 alia

86 2975 244 3057 Ecclesia,
262 2979 317 3043 ubi
334 2979 430 3042 ctiam
447 2977 481 3042 fit
496 2975 536 3039 dc
555 2977 734 3056 Dominica,
749 2973 806 3039 scd
820 2976 851 3039 in
865 2978 972 3040 colore
993 2977 1104 3062 viridi,

86 3080 194 3153 potest
221 3073 325 3137 iacere
355 3073 698 3137 Commemorationcm
728 3093 793 3136 suae
815 3071 955 3151 Octarae,
980 3084 1087 3137 serrat
1145 3073 1151 3129 i

86 3163 234 3229 Rubrica
248 3165 289 3230 de
305 3166 424 3252 duplici
439 3177 562 3230 tantum
578 3165 729 3229 Oratione
740 3163 877 3229 dicenda
894 3167 926 3228 in
938 3168 1105 3231 Dominica

88 3257 173 3321 infra
201 3260 351 3326 Octavam
373 3262 775 3347 (Tir.1x,n.to‚quaesr.
798 3261 888 3345 164).
917 3262 1026 3324 Notari
1052 3263 1109 3326 hio

89 3353 187 3416 etiam
216 3365 319 3439 potest
346 3354 452 3442 quoad
468 3354 654 3418 Orationem
671 3355 872 3439 imperatam,
890 3353 975 3439 quod
997 3351 1106 3418 videa·

88 3453 140 3509 tur
158 3445 331 3512 dicendam
342 3471 409 3514 esse
422 3471 492 3513 earn
506 3471 577 3535 quac
601 3450 785 3535 praecipitur
800 3449 831 3512 in
848 3447 975 3512 dioecesi
993 3450 1025 3510 in
1040 3470 1104 3534 qua

87 3545 233 3610 celebrat
245 3546 404 3628 sacerdos,
422 3570 485 3612 non
498 3569 576 3612 vero
589 3549 677 3612 illam
686 3571 757 3635 quae
770 3549 802 3610 in
816 3569 872 3611 sua
881 3545 1009 3611 dioecesi
1021 3549 1104 3612 forte

88 3651 174 3704 essct
193 3641 370 3727 imperata3
394 3656 490 3729 prout
506 3644 538 3707 in
556 3644 683 3708 Canone
710 3645 812 3708 Missae
828 3665 892 3707 non
904 3645 1026 3707 'nomen
1042 3643 1104 3720 sui,

87 3735 143 3798 scd
166 3737 313 3824 Episcopi
338 3737 484 3804 dioecesis
497 3741 528 3804 in
546 3762 609 3826 qua
626 3738 768 3803 celebrat
784 3733 1030 3823 exprimendum
1046 3746 1108 3819 est,

88 3829 185 3910 Quod
202 3832 307 3896 locum
323 3833 423 3898 habet
439 3836 471 3897 in
487 3835 573 3898 omni
591 3834 683 3896 Missa
700 3832 767 3897 sive
784 3827 940 3895 conformi
955 3830 1024 3895 sivo
1041 3850 1108 3893 non

88 3926 247 3991 conformi
265 3950 321 3994 suo
338 3930 452 3995 officio.
