2750 4738
458 226 635 272 unuvmuu.
1013 212 1055 274 85

50 332 158 416 sidere,
175 330 296 418 deinde
321 329 490 396 inchoatur
505 327 702 414 Antiphone,
720 349 791 414 quae
807 333 969 402 convenit.
994 335 1056 398 Su-

50 439 172 492 muntur
186 438 294 492 autem
309 426 502 513 Antiphone
515 427 546 488 in
566 424 666 490 Fastis
681 420 722 488 ad
745 446 857 490 omnes
882 428 985 494 Horas
1015 451 1056 494 ox

50 521 203 588 Laudibus
215 543 273 606 por
288 520 447 604 ordinem,
476 529 589 606 quarta
614 519 836 604 praetermissa,
864 531 901 585 ut
930 519 1057 587 dicetur
1103 557 1106 564 .

50 618 123 680 iufra
141 618 172 680 in
188 617 332 682 Robrica
347 615 388 680 de
400 614 604 700 Antiphonis.
620 613 736 677 Postea
748 609 901 679 dicuutur
921 616 1054 699 Psalmi,

51 712 100 796 qui
116 711 147 774 iu
163 711 344 775 Dominicis
360 722 392 776 ct
412 711 512 776 Feriis
534 707 686 771 dicuntur
710 717 746 771 ut
773 709 806 771 in
836 710 1003 776 Psallorio.
1020 713 1056 776 ln

49 807 141 870 Fastis
156 815 276 888 autem,
293 816 325 870 ct
339 817 483 892 tempore
500 803 657 882 Paschali,
676 813 739 868 tres
759 813 894 888 tantum,
908 816 944 870 ut
960 808 1055 872 ctiam

51 899 90 962 ibi
105 910 287 964 annotatur.

91 997 120 1058 2.
145 997 221 1059 Post
236 994 455 1080 Antiphonem
478 993 596 1060 dicitur
611 992 805 1078 Capitulum,
823 996 906 1084 Regi
925 1001 1057 1064 sarculo·

52 1091 171 1154 rumln
181 1090 298 1155 Feriali
309 1089 432 1167 Officio,
444 1101 532 1154 extra
542 1090 680 1174 Tempus
690 1089 855 1173 Pascbalc,
870 1091 1057 1158 diciturCa-

53 1185 194 1267 pitulum,
227 1186 357 1249 Pacem.
373 1182 498 1250 Deinde
520 1183 773 1270 Responsorium
799 1185 910 1271 breve,
934 1188 1058 1254 Christo

52 1279 104 1342 Fili
119 1281 176 1345 Dei
192 1280 280 1363 vivi,
298 1289 359 1344 etc.
382 1282 458 1346 Post
483 1287 521 1360 nl.
546 1279 647 1344 breve
671 1279 704 1342 in
729 1279 841 1344 Officio
857 1281 996 1368 Duplici,
1027 1293 1058 1347 ct

53 1373 129 1438 infra
143 1374 292 1455 Octavus,
311 1375 415 1438 statim
433 1374 551 1440 dicitur
564 1374 684 1455 Oratio,
702 1375 838 1440 Domine
858 1378 944 1442 Deus
959 1379 1060 1444 omni-

52 1478 166 1549 potens.
178 1470 220 1560 ln
231 1469 294 1532 alio
305 1468 416 1534 Officio
432 1467 562 1554 dicitur,
575 1469 675 1556 Kyric
689 1470 821 1552 cleison,
839 1494 911 1538 curn
924 1472 1058 1561 reliquis

52 1563 216 1629 Precibus:
241 1565 349 1628 omnia
365 1576 401 1630 ut
416 1567 449 1629 in
459 1566 628 1631 Psallorio.
645 1563 696 1630 Ad
711 1566 755 1641 ff.
774 1578 893 1648 autem,
921 1566 1060 1654 Adjuto-

52 1657 140 1741 rium,
153 1657 438 1724 Hebdomadarius
453 1660 558 1746 signat
572 1681 605 1722 se
624 1660 715 1745 signo
732 1659 842 1725 Crucis
857 1683 876 1726 a
890 1661 995 1728 fronte
1019 1658 1061 1724 ad

53 1760 168 1833 pectus.
193 1752 330 1834 Quando
344 1753 459 1840 aliquis
474 1755 567 1817 solus'
574 1754 688 1818 recitat
702 1753 860 1837 Officium,
878 1756 977 1819 semel
993 1764 1059 1819 tan·

53 1853 114 1908 tum
129 1845 219 1926 dicit,
245 1848 417 1928 Confiteor,
442 1849 566 1913 omissis
583 1849 645 1913 illis
662 1849 782 1932 verbis,
798 1851 868 1915 Tibi
891 1861 992 1936 pater,
1007 1852 1060 1914 rel

54 1939 139 2004 robis
153 1942 280 2029 fratres,
300 1955 344 2028 ct,
361 1945 405 2008 Tc
420 1954 524 2029 pater,
541 1946 594 2010 val
617 1965 673 2010 vos
699 1945 826 2025 iratres,
855 1955 889 2010 ct
914 1945 1062 2009 similiter

54 2033 135 2116 dicit,
164 2039 354 2105 Misorcatur
369 2040 480 2122 nostri,
497 2039 636 2124 pcccatis
658 2039 785 2123 nostris,
813 2038 968 2125 perducat
989 2060 1058 2118 nus,

56 2129 243 2213 quodetiam
259 2143 406 2200 servatur
420 2131 460 2196 ad
477 2133 788 2219 Complatorium.ln
804 2133 920 2196 Foriali
932 2132 1058 2213 Officio,

56 2226 177 2308 quando
199 2227 294 2294 dictae
323 2239 399 2294 sunt
421 2230 537 2293 Preces
559 2227 600 2292 ad
623 2228 759 2312 Laudes,
792 2227 955 2293 adduntur
992 2227 1061 2292 alin

56 2319 173 2404 Preces,
186 2335 223 2388 ut
237 2323 358 2390 ibidem
375 2325 407 2388 in
419 2325 584 2390 Psallorio.

93 2415 123 2478 5.
148 2418 226 2482 Post
238 2418 424 2483 Orationem
434 2419 561 2503 Primae,
576 2419 628 2484 vel
640 2420 666 2484 si
682 2417 807 2483 dicatur
818 2418 966 2482 Officium
982 2418 1061 2484 Boa-

57 2518 90 2572 tae
105 2511 223 2598 Mariae,
237 2526 310 2600 post
333 2516 418 2579 illius
433 2514 631 2590 Orationem,
649 2513 746 2596 dicto,
763 2511 1010 2591 Benedicamus,
1029 2513 1062 2575 in

58 2604 153 2670 Choro
176 2611 297 2695 legitur
311 2610 594 2697 Martyrclogium:
622 2608 740 2672 deinde
763 2608 892 2690 dicitur,
905 2607 1059 2689 Preliosa,

58 2720 123 2763 cum
136 2704 288 2789 reliquis:
313 2727 383 2792 quae
400 2707 495 2769 otiam
512 2705 663 2769 dicuntur
678 2705 719 2768 ab
735 2705 784 2784 iis,
802 2704 856 2791 qui
874 2714 963 2768 extra
978 2702 1063 2767 Clrc·

58 2816 121 2860 rum
136 2821 202 2863 non
217 2801 355 2887 legerint
376 2801 649 2887 Martyrclogium.
674 2800 711 2862 ln
732 2799 796 2862 fine
819 2797 860 2862 ad
882 2796 1062 2862 Absolutio·

61 2910 126 2956 nem
143 2893 296 2978 Capituli,
307 2897 339 2959 in
355 2897 468 2979 Fastis,
479 2907 512 2959 et
523 2895 684 2982 aliquibus
700 2893 828 2976 diebus,
840 2914 898 2978 pro
914 2892 1064 2956 Lectione

61 2983 142 3051 brevi
159 2986 279 3052 dicitur
294 2989 475 3075 Capitulum
491 2991 600 3070 Nonae,
629 2989 654 3052 si
678 2987 761 3052 adsit
786 2987 964 3072 proprium,
989 2986 1064 3049 alio·

61 3080 129 3162 quin
142 3080 182 3145 de
199 3083 368 3149 Communi
381 3109 389 3149 :
402 3086 464 3148 alio
481 3095 637 3171 temporo,
658 3095 722 3148 tam
739 3085 771 3148 in
782 3082 957 3148 Dominicis
968 3101 1065 3167 quam

60 3172 161 3260 Feriis,
181 3181 290 3245 Lectio
306 3182 414 3248 brevis
429 3182 540 3246 Officio
563 3181 649 3245 illius
673 3179 840 3264 Temporis
862 3179 894 3241 in
909 3174 1065 3240 Psaltcrio

13 3327 16 3334 ,
62 3271 222 3358 assignata.

144 3554 188 3628 Χ
187 3555 247 3632 Vl
250 3614 258 3630 .
279 3558 334 3631 De
352 3557 482 3650 Herio,
508 3558 643 3647 Tertio,
663 3556 786 3645 Scuto,
806 3564 839 3629 et
856 3554 977 3629 Nona.

103 3831 132 3893 ’1.
157 3829 208 3896 Ad
222 3832 374 3912 Tertiam,
388 3835 528 3917 Scxtam,
547 3844 578 3899 ct
593 3835 727 3912 Nonam,
747 3843 820 3897 ante
846 3831 987 3916 singulas
1003 3828 1066 3891 Ho-

67 3943 110 3985 ras
124 3922 241 4001 dicitur
250 3927 346 3990 Pater
360 3937 479 4010 noster,
496 3927 565 3993 Ave
584 3929 695 4007 Maria,
712 3928 798 3990 Dcus
814 3927 845 3988 in
857 3922 1066 4010 adjutorium,

68 4015 213 4101 Hymnus,
225 4030 256 4084 ct
266 4021 397 4106 Psalmi,
408 4032 444 4087 ut
456 4022 488 4084 in
498 4023 654 4087 Psallorio
666 4045 673 4086 :
689 4021 880 4106 Antiphone
892 4013 1068 4080 secundum

71 4109 166 4174 Ollicii
195 4113 395 4199 qualitatem,
427 4113 539 4180 ordine
565 4137 628 4201 quo
658 4136 765 4199 supra.
794 4112 893 4178 Dictis
922 4107 1067 4188 Psalmis,

146 4239 237 4278 ourasr.
250 4240 271 4272 ιιι
282 4239 334 4272 nuo.
872 4210 890 4270 8
