2754 4740
319 171 360 235 22
734 191 926 242 ouusrmnsss

360 299 403 363 R.
430 297 603 362 Praefertur
616 293 764 360 Officium
787 296 872 359 illius
894 297 1022 362 Octevae
1049 297 1141 384 cujus
1162 295 1310 381 praeiertur

314 393 456 456 Festum.
487 390 585 477 Atqui
616 391 648 453 in
678 392 825 475 exemplo
854 392 950 455 ulleto
971 392 1101 456 Festum
1119 392 1175 455 SS.
1192 389 1307 474 Aposto-

314 487 420 550 lorum
436 485 604 570 proefertur
619 485 711 548 Festo
728 485 762 548 S.
789 484 954 565 Rumoldi,
981 497 1094 572 utpote
1123 503 1309 570 personarum

314 578 498 666 digniorum
530 581 714 665 (utrumque
744 590 852 642 cirtem
878 580 1008 646 Festum
1021 591 1069 645 est
1084 575 1311 665 Duplexlcl.).

314 675 399 759 Ergo
425 670 495 736 dies
523 673 608 736 inira
637 673 791 737 Octavam
809 675 854 738 SS
870 672 1097 758 Apostolorum
1113 675 1207 740 etium
1222 671 1318 758 prule·

315 766 416 832 rende
434 778 480 831 est
495 767 561 833 diei
579 768 661 831 inire
680 766 834 832 Octavum
853 768 886 831 S.
904 768 1071 834 Rumoldi.

512 987 541 1081 i.
559 987 594 1062 3.
627 988 683 1060 De
702 985 1135 1064 commemorationibus.

741 1241 815 1325 (rs.
841 1242 913 1326 rx).

355 1455 392 1516 ln
408 1452 600 1538 precedenti
628 1455 843 1540 peregrapbo,
861 1456 1087 1542 inquisivimus
1103 1456 1263 1544 quodnam
1287 1479 1317 1520 ex

311 1547 438 1706 perpepbus
452 1551 505 1614 uel
519 1549 666 1634 pluribus
687 1549 807 1615 Officiis
829 1550 924 1613 simul
946 1551 1189 1628 occurrent-ibus
1212 1572 1319 1637 preva-

353 1742 446 1809 Nune
460 1767 538 1812 vero
554 1745 812 1834 investigandum
837 1758 895 1827 est,
913 1746 1047 1836 quidde
1067 1749 1189 1813 Officiis
1201 1747 1319 1834 impedi·

310 1839 350 1902 tis
359 1838 400 1902 sit
410 1838 605 1919 faciendum,
624 1852 657 1905 et
675 1842 778 1927 primo
800 1841 932 1927 quidem
944 1864 1015 1929 quer
1032 1842 1094 1907 sint
1106 1844 1161 1906 ills
1185 1841 1320 1928 quaesole

311 1929 619 1997 Commemoratione
635 1943 841 2019 peragentur.

354 2035 474 2115 Quaest.
490 2038 544 2100 lO.
563 2037 648 2116 Quid
664 2049 707 2100 est
724 2034 1011 2102 Commemoratio?

353 2137 396 2201 R.
414 2138 696 2215 commemoratio,
713 2148 807 2223 prout
830 2150 877 2203 est
904 2138 1034 2204 effectus
1047 2140 1271 2217 Occurrentiae,
1287 2135 1321 2198 de

312 2231 439 2317 quahie
452 2235 571 2324 egitur,
588 2244 724 2318 estpars
750 2231 897 2320 quiedam
914 2235 1030 2321 exigua
1044 2235 1157 2316 Officii,
1176 2235 1211 2296 in
1235 2231 1322 2318 ipsius

311 2325 428 2412 integri
451 2330 557 2393 locum
581 2329 752 2393 substituta
764 2339 796 2392 et
809 2331 899 2415 quasi
914 2331 1019 2395 vicem
1035 2332 1201 2416 supplens.

354 2433 401 2495 De
414 2433 734 2518 Commemoratione,
752 2445 848 2520 prout
863 2446 911 2500 est
936 2435 1068 2501 effeetus
1083 2431 1323 2509 concurrente.
1369 2463 1370 2466 ¹

312 2535 425 2610 egetur
436 2530 540 2615 cupite
553 2531 596 2593 ll.

357 2628 476 2710 Quaest.
493 2633 547 2696 ll.
580 2632 701 2711 Quibus
726 2635 848 2698 'constat
875 2631 1141 2714 Commemoratio,
1170 2640 1198 2693 et
1220 2633 1253 2693 in
1273 2645 1325 2713 pue

314 2719 419 2807 Officii
432 2723 496 2790 loeo
510 2737 553 2790 est
573 2726 751 2812 socienda?
864 2747 866 2751 ’
1063 2804 1065 2808 ,

355 2826 397 2889 R.
427 2826 694 2894 Commemoratis
714 2839 836 2894 constet
860 2828 1056 2912 Antiphone,
1073 2827 1175 2892 Versu
1191 2838 1221 2889 et
1245 2823 1320 2890 Ora·

313 2919 393 2984 tione
406 2921 484 2984 ellit
496 2923 528 2984 in
543 2922 695 3007 Vesperis
711 2934 743 2987 ct
757 2921 933 2986 Laudibus.

354 3021 538 3105 Antiphone
552 3025 583 3088 in
599 3026 750 3110 Vesperis
774 3047 811 3088 ee
841 3025 977 3088 sumitur
998 3043 1071 3110 quae
1095 3033 1142 3085 est
1171 3022 1321 3107 assignate

229 3155 232 3162 ·
311 3111 350 3178 ad
374 3113 540 3182 Canticum
568 3121 754 3206 Mupuisicut
770 3119 873 3183 Officii
889 3119 974 3182 illius
989 3114 1030 3179 de
1047 3138 1111 3202 quo
1126 3117 1161 3179 fit
1177 3115 1317 3180 Comme·

310 3210 466 3293 moreti03
495 3213 528 3276 in
554 3213 717 3279 Laudibus
743 3237 832 3294 vero,
860 3235 930 3300 quoe
956 3212 998 3276 ud
1023 3210 1219 3275 Benedictus.
1248 3209 1320 3272 Sunt

310 3303 396 3369 enim
408 3304 599 3390 Antiphonae
618 3307 679 3371 illae
692 3308 813 3372 caeteris
834 3307 1021 3371 nobiliores.
1042 3304 1161 3368 Versus
1190 3301 1319 3367 sumitur

309 3400 364 3486 qui
393 3401 565 3488 utrobique
583 3403 715 3488 ponitur
730 3401 770 3466 ed
786 3403 976 3490 Hymnum3
1006 3398 1116 3464 Oratio
1145 3420 1186 3461 ex
1211 3394 1319 3460 eodem

308 3498 427 3579 puriter
438 3496 563 3561 Officio.
615 3487 617 3491 ¹

351 3598 401 3662 Fit
416 3621 493 3686 ergo
525 3601 792 3666 Commemoratio
818 3600 851 3663 in
881 3596 1044 3680 vesperis,
1077 3604 1109 3659 et
1136 3591 1268 3681 quidem
1291 3589 1320 3650 in

306 3693 473 3779 utrisque,
491 3697 517 3760 si
537 3698 746 3777 castrabant,
765 3707 797 3761 ct
812 3697 842 3759 in
859 3692 1045 3774 Laudibus3
1070 3698 1266 3766 nonuutem
1291 3684 1320 3745 in

306 3786 376 3848 eliis
407 3789 503 3854 Horis
519 3815 528 3873 ;
570 3791 611 3857 sd
641 3791 832 3856 Matutinum
858 3788 977 3875 legitur
1014 3788 1205 3872 plerumque
1240 3797 1318 3844 none

304 3877 414 3943 Lectio
440 3887 569 3969 proprie
599 3885 639 3951 de
671 3890 801 3964 Sancto,
830 3885 882 3950 vel
911 3881 952 3946 de
982 3883 1122 3947 Humilia
1149 3875 1318 3944 Dominicae

305 3993 361 4036 sen
376 3974 544 4056 Feriae‚,de
556 3982 677 4066 ¹quibus
692 3981 727 4046 fit
742 3978 1010 4047 Commemoratis
1026 4001 1034 4041 :
1051 3988 1099 4042 est
1110 3974 1150 4040 de
1165 3967 1319 4039 Lectioni-

302 4065 364 4131 bus
375 4079 489 4155 ugetur
504 4070 535 4133 iu
553 4074 599 4136 lll
614 4075 768 4139 sectione.
