<?xml version="1.0" encoding="UTF-8"?>
<!DOCTYPE html PUBLIC "-//W3C//DTD XHTML 1.0 Transitional//EN"
    "http://www.w3.org/TR/xhtml1/DTD/xhtml1-transitional.dtd">
<html xmlns="http://www.w3.org/1999/xhtml" xml:lang="en" lang="en">
 <head>
  <title>
</title>
<meta http-equiv="Content-Type" content="text/html;charset=utf-8" />
  <meta name='ocr-system' content='tesseract 3.04.00' />
  <meta name='ocr-capabilities' content='ocr_page ocr_carea ocr_par ocr_line ocrx_word'/>
</head>
<body>
  <div class='ocr_page' id='page_1' title='image "./quaestionesinru00churgoog_0244.png"; bbox 0 0 2754 4740; ppageno 0'>
   <div class='ocr_carea' id='block_1_1' title="bbox 348 246 1064 313">
    <p class='ocr_par' dir='ltr' id='par_1_1' title="bbox 348 246 1064 313">
     <span class='ocr_line' id='line_1_1' title="bbox 348 246 1064 313; baseline 0 -5"><span class='ocrx_word' id='word_1_1' title='bbox 348 268 381 308; x_wconf 83' lang='lat' dir='ltr'>ru</span> <span class='ocrx_word' id='word_1_2' title='bbox 404 268 555 312; x_wconf 79' lang='lat' dir='ltr'>nunnrcns</span> <span class='ocrx_word' id='word_1_3' title='bbox 576 269 750 313; x_wconf 79' lang='lat' dir='ltr'>nnuvrnuu.</span> <span class='ocrx_word' id='word_1_4' title='bbox 1021 246 1064 308; x_wconf 78' lang='lat'>55</span> 
     </span>
    </p>
   </div>
   <div class='ocr_carea' id='block_1_2' title="bbox 50 368 1103 2068">
    <p class='ocr_par' dir='ltr' id='par_1_2' title="bbox 51 368 1066 654">
     <span class='ocr_line' id='line_1_2' title="bbox 52 368 1064 453; baseline -0.003 -20"><span class='ocrx_word' id='word_1_5' title='bbox 52 390 196 434; x_wconf 87' lang='lat' dir='ltr'>successu</span> <span class='ocrx_word' id='word_1_6' title='bbox 218 369 371 453; x_wconf 88' lang='lat' dir='ltr'>temporis</span> <span class='ocrx_word' id='word_1_7' title='bbox 387 389 478 434; x_wconf 83' lang='lat' dir='ltr'>novae</span> <span class='ocrx_word' id='word_1_8' title='bbox 505 373 672 435; x_wconf 86' lang='lat' dir='ltr'>Festorum</span> <span class='ocrx_word' id='word_1_9' title='bbox 703 369 894 433; x_wconf 88' lang='lat' dir='ltr'>mutationes</span> <span class='ocrx_word' id='word_1_10' title='bbox 919 377 990 431; x_wconf 91' lang='lat' dir='ltr'>suut</span> <span class='ocrx_word' id='word_1_11' title='bbox 1014 368 1064 431; x_wconf 86' lang='lat' dir='ltr'>fa-</span> 
     </span>
     <span class='ocr_line' id='line_1_3' title="bbox 51 464 1066 554; baseline -0.002 -24"><span class='ocrx_word' id='word_1_12' title='bbox 51 464 178 548; x_wconf 85' lang='lat' dir='ltr'>ciendae,</span> <span class='ocrx_word' id='word_1_13' title='bbox 197 467 248 530; x_wconf 81' lang='lat' dir='ltr'>hae</span> <span class='ocrx_word' id='word_1_14' title='bbox 263 487 391 551; x_wconf 85' lang='lat' dir='ltr'><strong>semper</strong></span> <span class='ocrx_word' id='word_1_15' title='bbox 415 477 615 554; x_wconf 86' lang='lat' dir='ltr'>reponuntur</span> <span class='ocrx_word' id='word_1_16' title='bbox 634 469 717 533; x_wconf 88' lang='lat' dir='ltr'>ultra</span> <span class='ocrx_word' id='word_1_17' title='bbox 734 467 803 530; x_wconf 89' lang='lat' dir='ltr'>dics</span> <span class='ocrx_word' id='word_1_18' title='bbox 812 466 884 553; x_wconf 88' lang='lat' dir='ltr'>jarn</span> <span class='ocrx_word' id='word_1_19' title='bbox 899 467 968 529; x_wconf 90' lang='lat' dir='ltr'>aliis</span> <span class='ocrx_word' id='word_1_20' title='bbox 985 466 1066 529; x_wconf 86' lang='lat' dir='ltr'>San·</span> 
     </span>
     <span class='ocr_line' id='line_1_4' title="bbox 51 568 308 654; baseline -0.008 -23"><span class='ocrx_word' id='word_1_21' title='bbox 51 568 103 632; x_wconf 90' lang='lat' dir='ltr'>ctis</span> <span class='ocrx_word' id='word_1_22' title='bbox 119 568 308 654; x_wconf 83' lang='lat' dir='ltr'>assignatos.</span> 
     </span>
    </p>

    <p class='ocr_par' dir='ltr' id='par_1_3' title="bbox 50 660 1103 1692">
     <span class='ocr_line' id='line_1_5' title="bbox 89 660 1065 748; baseline -0.001 -23"><span class='ocrx_word' id='word_1_23' title='bbox 89 661 286 746; x_wconf 74' lang='lat' dir='ltr'><strong><em>Exemplum.</em></strong></span> <span class='ocrx_word' id='word_1_24' title='bbox 306 661 436 725; x_wconf 80' lang='lat' dir='ltr'>Festum</span> <span class='ocrx_word' id='word_1_25' title='bbox 452 661 485 725; x_wconf 93' lang='lat' dir='ltr'>S.</span> <span class='ocrx_word' id='word_1_26' title='bbox 503 661 576 742; x_wconf 89' lang='lat' dir='ltr'>Titi,</span> <span class='ocrx_word' id='word_1_27' title='bbox 595 664 732 748; x_wconf 81' lang='lat' dir='ltr'><strong>Duplex,</strong></span> <span class='ocrx_word' id='word_1_28' title='bbox 757 660 939 725; x_wconf 86' lang='lat' dir='ltr'>celebretur</span> <span class='ocrx_word' id='word_1_29' title='bbox 953 661 984 722; x_wconf 92' lang='lat' dir='ltr'>in</span> <span class='ocrx_word' id='word_1_30' title='bbox 1009 661 1065 724; x_wconf 89' lang='lat' dir='ltr'>Ec·</span> 
     </span>
     <span class='ocr_line' id='line_1_6' title="bbox 50 751 1065 841; baseline -0.004 -19"><span class='ocrx_word' id='word_1_31' title='bbox 50 758 139 822; x_wconf 81' lang='lat' dir='ltr'>closia</span> <span class='ocrx_word' id='word_1_32' title='bbox 156 756 337 820; x_wconf 80' lang='lat' dir='ltr'>Universaii</span> <span class='ocrx_word' id='word_1_33' title='bbox 355 756 386 819; x_wconf 91' lang='lat' dir='ltr'>vi</span> <span class='ocrx_word' id='word_1_34' title='bbox 402 751 522 818; x_wconf 84' lang='lat' dir='ltr'>decreti</span> <span class='ocrx_word' id='word_1_35' title='bbox 539 756 633 821; x_wconf 86' lang='lat' dir='ltr'>Urbis</span> <span class='ocrx_word' id='word_1_36' title='bbox 660 766 691 820; x_wconf 90' lang='lat' dir='ltr'>et</span> <span class='ocrx_word' id='word_1_37' title='bbox 714 754 822 833; x_wconf 82' lang='lat' dir='ltr'>Orbis,</span> <span class='ocrx_word' id='word_1_38' title='bbox 839 752 904 817; x_wconf 92' lang='lat' dir='ltr'>diei</span> <span class='ocrx_word' id='word_1_39' title='bbox 921 754 962 818; x_wconf 89' lang='grc'>18</span> <span class='ocrx_word' id='word_1_40' title='bbox 989 755 1065 841; x_wconf 88' lang='lat' dir='ltr'>Maji</span> 
     </span>
     <span class='ocr_line' id='line_1_7' title="bbox 53 846 1068 935; baseline -0.003 -21"><span class='ocrx_word' id='word_1_41' title='bbox 53 851 143 914; x_wconf 68' lang='lat' dir='ltr'>teet.</span> <span class='ocrx_word' id='word_1_42' title='bbox 161 849 281 914; x_wconf 86' lang='lat' dir='ltr'>Natalis</span> <span class='ocrx_word' id='word_1_43' title='bbox 303 846 400 933; x_wconf 77' lang='lat' dir='ltr'>hujus</span> <span class='ocrx_word' id='word_1_44' title='bbox 419 848 526 912; x_wconf 87' lang='lat' dir='ltr'>Sancti</span> <span class='ocrx_word' id='word_1_45' title='bbox 542 851 682 916; x_wconf 90' lang='lat' dir='ltr'>occurrit</span> <span class='ocrx_word' id='word_1_46' title='bbox 697 849 718 913; x_wconf 72' lang='grc'>4</span> <span class='ocrx_word' id='word_1_47' title='bbox 733 848 892 926; x_wconf 88' lang='lat' dir='ltr'>Januarii,</span> <span class='ocrx_word' id='word_1_48' title='bbox 910 869 982 935; x_wconf 83' lang='lat' dir='ltr'>quae</span> <span class='ocrx_word' id='word_1_49' title='bbox 999 847 1068 912; x_wconf 90' lang='lat' dir='ltr'>dies</span> 
     </span>
     <span class='ocr_line' id='line_1_8' title="bbox 52 941 1069 1031; baseline -0.004 -21"><span class='ocrx_word' id='word_1_50' title='bbox 52 955 203 1031; x_wconf 86' lang='lat' dir='ltr'>perpetuo</span> <span class='ocrx_word' id='word_1_51' title='bbox 219 953 267 1007; x_wconf 88' lang='lat' dir='ltr'>est</span> <span class='ocrx_word' id='word_1_52' title='bbox 283 941 449 1028; x_wconf 88' lang='lat' dir='ltr'>impedita,</span> <span class='ocrx_word' id='word_1_53' title='bbox 466 954 598 1029; x_wconf 89' lang='lat' dir='ltr'>propter</span> <span class='ocrx_word' id='word_1_54' title='bbox 622 945 775 1010; x_wconf 83' lang='lat' dir='ltr'>Octavam</span> <span class='ocrx_word' id='word_1_55' title='bbox 791 942 878 1007; x_wconf 88' lang='lat' dir='ltr'>diem</span> <span class='ocrx_word' id='word_1_56' title='bbox 895 943 953 1006; x_wconf 90' lang='lat' dir='ltr'>SS.</span> <span class='ocrx_word' id='word_1_57' title='bbox 971 945 1069 1006; x_wconf 91' lang='lat' dir='ltr'>Inno-</span> 
     </span>
     <span class='ocr_line' id='line_1_9' title="bbox 52 1035 1069 1126; baseline -0.002 -23"><span class='ocrx_word' id='word_1_58' title='bbox 52 1039 188 1103; x_wconf 87' lang='lat' dir='ltr'>centium</span> <span class='ocrx_word' id='word_1_59' title='bbox 203 1039 331 1123; x_wconf 66' lang='lat' dir='ltr'>(quaest.</span> <span class='ocrx_word' id='word_1_60' title='bbox 349 1036 417 1120; x_wconf 81' lang='lat'><strong>51).</strong></span> <span class='ocrx_word' id='word_1_61' title='bbox 444 1035 646 1122; x_wconf 81' lang='lat' dir='ltr'>Assignanda</span> <span class='ocrx_word' id='word_1_62' title='bbox 671 1060 749 1126; x_wconf 84' lang='lat' dir='ltr'>crgo</span> <span class='ocrx_word' id='word_1_63' title='bbox 776 1047 844 1101; x_wconf 88' lang='lat' dir='ltr'>erat</span> <span class='ocrx_word' id='word_1_64' title='bbox 865 1037 970 1121; x_wconf 88' lang='lat' dir='ltr'>prima</span> <span class='ocrx_word' id='word_1_65' title='bbox 1000 1035 1069 1102; x_wconf 90' lang='lat' dir='ltr'>dies</span> 
     </span>
     <span class='ocr_line' id='line_1_10' title="bbox 52 1130 1068 1220; baseline -0.001 -24"><span class='ocrx_word' id='word_1_66' title='bbox 52 1135 148 1198; x_wconf 86' lang='lat' dir='ltr'>libera</span> <span class='ocrx_word' id='word_1_67' title='bbox 169 1154 255 1220; x_wconf 73' lang='lat' dir='ltr'>quae,</span> <span class='ocrx_word' id='word_1_68' title='bbox 287 1152 345 1216; x_wconf 86' lang='lat' dir='ltr'>pro</span> <span class='ocrx_word' id='word_1_69' title='bbox 368 1143 476 1196; x_wconf 90' lang='lat' dir='ltr'>nostra</span> <span class='ocrx_word' id='word_1_70' title='bbox 492 1130 634 1216; x_wconf 81' lang='lat' dir='ltr'>tlioecesi,</span> <span class='ocrx_word' id='word_1_71' title='bbox 659 1134 720 1200; x_wconf 82' lang='lat' dir='ltr'>fuit</span> <span class='ocrx_word' id='word_1_72' title='bbox 735 1134 777 1198; x_wconf 77' lang='lat' dir='ltr'>tu</span> <span class='ocrx_word' id='word_1_73' title='bbox 792 1132 958 1196; x_wconf 84' lang='lat' dir='ltr'>Februarii</span> <span class='ocrx_word' id='word_1_74' title='bbox 977 1155 986 1214; x_wconf 71' lang='grc' dir='ltr'><strong><em>ς</em></strong></span> <span class='ocrx_word' id='word_1_75' title='bbox 1004 1153 1068 1197; x_wconf 92' lang='lat' dir='ltr'>non</span> 
     </span>
     <span class='ocr_line' id='line_1_11' title="bbox 53 1225 1069 1315; baseline 0.001 -25"><span class='ocrx_word' id='word_1_76' title='bbox 53 1238 154 1292; x_wconf 89' lang='lat' dir='ltr'>autem</span> <span class='ocrx_word' id='word_1_77' title='bbox 181 1225 250 1290; x_wconf 90' lang='lat' dir='ltr'>dies</span> <span class='ocrx_word' id='word_1_78' title='bbox 280 1227 321 1290; x_wconf 79' lang='lat'>{9</span> <span class='ocrx_word' id='word_1_79' title='bbox 342 1227 500 1310; x_wconf 77' lang='lat' dir='ltr'>ianuarii,</span> <span class='ocrx_word' id='word_1_80' title='bbox 524 1229 684 1315; x_wconf 81' lang='lat' dir='ltr'>assignata</span> <span class='ocrx_word' id='word_1_81' title='bbox 711 1231 745 1294; x_wconf 91' lang='lat' dir='ltr'>S.</span> <span class='ocrx_word' id='word_1_82' title='bbox 763 1227 898 1293; x_wconf 86' lang='lat' dir='ltr'>Guduiae</span> <span class='ocrx_word' id='word_1_83' title='bbox 915 1248 953 1293; x_wconf 86' lang='lat' dir='ltr'>cx</span> <span class='ocrx_word' id='word_1_84' title='bbox 976 1227 1069 1291; x_wconf 78' lang='lat' dir='ltr'>tta·</span> 
     </span>
     <span class='ocr_line' id='line_1_12' title="bbox 53 1316 1103 1411; baseline -0.001 -25"><span class='ocrx_word' id='word_1_85' title='bbox 53 1323 164 1404; x_wconf 84' lang='lat' dir='ltr'>nuarii,</span> <span class='ocrx_word' id='word_1_86' title='bbox 182 1342 288 1408; x_wconf 87' lang='lat' dir='ltr'>neque</span> <span class='ocrx_word' id='word_1_87' title='bbox 315 1325 336 1388; x_wconf 90' lang='lat'><strong>9</strong></span> <span class='ocrx_word' id='word_1_88' title='bbox 361 1322 542 1404; x_wconf 83' lang='lat' dir='ltr'>Februarii,</span> <span class='ocrx_word' id='word_1_89' title='bbox 570 1324 727 1411; x_wconf 84' lang='lat' dir='ltr'>assignata</span> <span class='ocrx_word' id='word_1_90' title='bbox 747 1326 780 1389; x_wconf 90' lang='lat' dir='ltr'>S.</span> <span class='ocrx_word' id='word_1_91' title='bbox 807 1322 1001 1410; x_wconf 80' lang='lat' dir='ltr'>Reymundo</span> <span class='ocrx_word' id='word_1_92' title='bbox 1027 1321 1069 1385; x_wconf 90' lang='lat' dir='ltr'>de</span> <span class='ocrx_word' id='word_1_93' title='bbox 1101 1316 1103 1318; x_wconf 59' lang='grc'><strong>’</strong></span> 
     </span>
     <span class='ocr_line' id='line_1_13' title="bbox 53 1415 1067 1505; baseline 0.002 -27"><span class='ocrx_word' id='word_1_94' title='bbox 53 1415 223 1479; x_wconf 85' lang='lat' dir='ltr'>Pennafort</span> <span class='ocrx_word' id='word_1_95' title='bbox 246 1436 285 1480; x_wconf 82' lang='lat' dir='ltr'>cx</span> <span class='ocrx_word' id='word_1_96' title='bbox 310 1417 353 1480; x_wconf 70' lang='lat'>25</span> <span class='ocrx_word' id='word_1_97' title='bbox 368 1416 525 1497; x_wconf 87' lang='lat' dir='ltr'>Januarii,</span> <span class='ocrx_word' id='word_1_98' title='bbox 553 1438 659 1505; x_wconf 84' lang='lat' dir='ltr'>neque</span> <span class='ocrx_word' id='word_1_99' title='bbox 682 1419 811 1483; x_wconf 88' lang='lat' dir='ltr'>tandem</span> <span class='ocrx_word' id='word_1_100' title='bbox 829 1420 866 1482; x_wconf 83' lang='lat' dir='ltr'>tt</span> <span class='ocrx_word' id='word_1_101' title='bbox 885 1417 1067 1497; x_wconf 82' lang='lat' dir='ltr'>Februarii,</span> 
     </span>
     <span class='ocr_line' id='line_1_14' title="bbox 54 1509 1071 1602; baseline 0.004 -30"><span class='ocrx_word' id='word_1_102' title='bbox 54 1509 207 1596; x_wconf 86' lang='lat' dir='ltr'>assignata</span> <span class='ocrx_word' id='word_1_103' title='bbox 223 1510 258 1572; x_wconf 88' lang='lat' dir='ltr'>S.</span> <span class='ocrx_word' id='word_1_104' title='bbox 276 1510 417 1578; x_wconf 86' lang='lat' dir='ltr'>Vcdasto</span> <span class='ocrx_word' id='word_1_105' title='bbox 433 1532 472 1574; x_wconf 88' lang='lat' dir='ltr'>ex</span> <span class='ocrx_word' id='word_1_106' title='bbox 489 1511 509 1574; x_wconf 90' lang='grc'><strong>6</strong></span> <span class='ocrx_word' id='word_1_107' title='bbox 524 1512 690 1577; x_wconf 85' lang='lat' dir='ltr'>Februarii</span> <span class='ocrx_word' id='word_1_108' title='bbox 699 1537 709 1597; x_wconf 91' lang='lat'>;</span> <span class='ocrx_word' id='word_1_109' title='bbox 722 1515 797 1602; x_wconf 91' lang='lat' dir='ltr'>quia</span> <span class='ocrx_word' id='word_1_110' title='bbox 810 1535 920 1578; x_wconf 88' lang='lat' dir='ltr'>omncs</span> <span class='ocrx_word' id='word_1_111' title='bbox 936 1514 987 1577; x_wconf 89' lang='lat' dir='ltr'>isti</span> <span class='ocrx_word' id='word_1_112' title='bbox 1002 1511 1071 1594; x_wconf 82' lang='lat' dir='ltr'>dies</span> 
     </span>
     <span class='ocr_line' id='line_1_15' title="bbox 51 1601 1068 1692; baseline 0.001 -26"><span class='ocrx_word' id='word_1_113' title='bbox 51 1601 114 1686; x_wconf 82' lang='lat' dir='ltr'>jam</span> <span class='ocrx_word' id='word_1_114' title='bbox 140 1614 215 1667; x_wconf 83' lang='lat' dir='ltr'>ente</span> <span class='ocrx_word' id='word_1_115' title='bbox 243 1626 364 1668; x_wconf 91' lang='lat' dir='ltr'>annum</span> <span class='ocrx_word' id='word_1_116' title='bbox 380 1604 465 1668; x_wconf 78' lang='lat'>1854</span> <span class='ocrx_word' id='word_1_117' title='bbox 481 1606 664 1669; x_wconf 85' lang='lat' dir='ltr'>memoratis</span> <span class='ocrx_word' id='word_1_118' title='bbox 679 1606 780 1672; x_wconf 89' lang='lat' dir='ltr'>Festis</span> <span class='ocrx_word' id='word_1_119' title='bbox 796 1616 889 1671; x_wconf 87' lang='lat' dir='ltr'>erent</span> <span class='ocrx_word' id='word_1_120' title='bbox 905 1605 1068 1692; x_wconf 81' lang='lat' dir='ltr'>assignati.</span> 
     </span>
    </p>

    <p class='ocr_par' dir='ltr' id='par_1_4' title="bbox 56 1695 1071 2068">
     <span class='ocr_line' id='line_1_16' title="bbox 94 1695 1071 1784; baseline -0.001 -23"><span class='ocrx_word' id='word_1_121' title='bbox 94 1695 189 1778; x_wconf 83' lang='lat' dir='ltr'>Quod</span> <span class='ocrx_word' id='word_1_122' title='bbox 217 1700 242 1762; x_wconf 93' lang='lat' dir='ltr'>si</span> <span class='ocrx_word' id='word_1_123' title='bbox 269 1701 362 1784; x_wconf 89' lang='lat' dir='ltr'>plura</span> <span class='ocrx_word' id='word_1_124' title='bbox 388 1698 499 1764; x_wconf 89' lang='lat' dir='ltr'>Officia</span> <span class='ocrx_word' id='word_1_125' title='bbox 527 1698 681 1764; x_wconf 88' lang='lat' dir='ltr'>mutanda</span> <span class='ocrx_word' id='word_1_126' title='bbox 710 1702 785 1780; x_wconf 91' lang='lat' dir='ltr'>sint,</span> <span class='ocrx_word' id='word_1_127' title='bbox 812 1711 888 1765; x_wconf 89' lang='lat' dir='ltr'>tunc</span> <span class='ocrx_word' id='word_1_128' title='bbox 911 1700 995 1762; x_wconf 91' lang='lat' dir='ltr'>inter</span> <span class='ocrx_word' id='word_1_129' title='bbox 1017 1699 1071 1761; x_wconf 84' lang='lat' dir='ltr'>itta</span> 
     </span>
     <span class='ocr_line' id='line_1_17' title="bbox 57 1788 1070 1878; baseline 0.003 -27"><span class='ocrx_word' id='word_1_130' title='bbox 57 1788 131 1854; x_wconf 89' lang='lat' dir='ltr'>ordo</span> <span class='ocrx_word' id='word_1_131' title='bbox 145 1793 239 1870; x_wconf 84' lang='lat' dir='ltr'>ritus,</span> <span class='ocrx_word' id='word_1_132' title='bbox 268 1793 432 1878; x_wconf 85' lang='lat' dir='ltr'>dignitatis</span> <span class='ocrx_word' id='word_1_133' title='bbox 462 1803 495 1858; x_wconf 86' lang='lat' dir='ltr'>et</span> <span class='ocrx_word' id='word_1_134' title='bbox 517 1794 669 1878; x_wconf 85' lang='lat' dir='ltr'>temporis</span> <span class='ocrx_word' id='word_1_135' title='bbox 689 1795 866 1861; x_wconf 85' lang='lat' dir='ltr'>servandus</span> <span class='ocrx_word' id='word_1_136' title='bbox 879 1803 937 1874; x_wconf 90' lang='lat' dir='ltr'>est,</span> <span class='ocrx_word' id='word_1_137' title='bbox 959 1792 1005 1856; x_wconf 89' lang='lat' dir='ltr'>uti</span> <span class='ocrx_word' id='word_1_138' title='bbox 1029 1789 1070 1854; x_wconf 90' lang='lat' dir='ltr'>de</span> 
     </span>
     <span class='ocr_line' id='line_1_18' title="bbox 56 1883 1070 1975; baseline 0.003 -31"><span class='ocrx_word' id='word_1_139' title='bbox 56 1884 258 1950; x_wconf 85' lang='lat' dir='ltr'>translatione</span> <span class='ocrx_word' id='word_1_140' title='bbox 285 1884 407 1951; x_wconf 90' lang='lat' dir='ltr'>dictum</span> <span class='ocrx_word' id='word_1_141' title='bbox 429 1898 476 1951; x_wconf 89' lang='lat' dir='ltr'>cst</span> <span class='ocrx_word' id='word_1_142' title='bbox 487 1886 613 1975; x_wconf 89' lang='lat' dir='ltr'>(quaest.</span> <span class='ocrx_word' id='word_1_143' title='bbox 631 1887 700 1973; x_wconf 74' lang='lat'>49).</span> <span class='ocrx_word' id='word_1_144' title='bbox 719 1887 808 1954; x_wconf 89' lang='lat' dir='ltr'>Idem</span> <span class='ocrx_word' id='word_1_145' title='bbox 832 1883 1070 1953; x_wconf 88' lang='lat' dir='ltr'>observandum</span> 
     </span>
     <span class='ocr_line' id='line_1_19' title="bbox 58 1979 1071 2068; baseline 0.003 -29"><span class='ocrx_word' id='word_1_146' title='bbox 58 1986 100 2040; x_wconf 88' lang='lat' dir='ltr'>est</span> <span class='ocrx_word' id='word_1_147' title='bbox 110 1998 183 2043; x_wconf 88' lang='lat' dir='ltr'>casu</span> <span class='ocrx_word' id='word_1_148' title='bbox 199 2001 276 2067; x_wconf 93' lang='lat' dir='ltr'>quo,</span> <span class='ocrx_word' id='word_1_149' title='bbox 295 2002 333 2044; x_wconf 88' lang='lat' dir='ltr'>ex</span> <span class='ocrx_word' id='word_1_150' title='bbox 357 1980 482 2046; x_wconf 87' lang='lat' dir='ltr'>indulto</span> <span class='ocrx_word' id='word_1_151' title='bbox 496 1984 550 2048; x_wconf 78' lang='lat' dir='ltr'>rol</span> <span class='ocrx_word' id='word_1_152' title='bbox 566 1981 797 2068; x_wconf 73' lang='lat' dir='ltr'>approbatione</span> <span class='ocrx_word' id='word_1_153' title='bbox 814 1985 848 2048; x_wconf 92' lang='lat' dir='ltr'>S.</span> <span class='ocrx_word' id='word_1_154' title='bbox 866 1979 970 2060; x_wconf 85' lang='lat' dir='ltr'>Sedis,</span> <span class='ocrx_word' id='word_1_155' title='bbox 988 2000 1071 2044; x_wconf 84' lang='lat' dir='ltr'>nova</span> 
     </span>
    </p>
   </div>
   <div class='ocr_carea' id='block_1_3' title="bbox 58 2070 1070 2252">
    <p class='ocr_par' dir='ltr' id='par_1_5' title="bbox 58 2070 1070 2252">
     <span class='ocr_line' id='line_1_20' title="bbox 58 2070 1070 2163; baseline 0.005 -32"><span class='ocrx_word' id='word_1_156' title='bbox 58 2074 245 2138; x_wconf 74' lang='lat' dir='ltr'>constructio</span> <span class='ocrx_word' id='word_1_157' title='bbox 272 2075 460 2140; x_wconf 86' lang='lat' dir='ltr'>Kalendarii</span> <span class='ocrx_word' id='word_1_158' title='bbox 492 2099 531 2142; x_wconf 88' lang='lat' dir='ltr'>ex</span> <span class='ocrx_word' id='word_1_159' title='bbox 557 2077 683 2163; x_wconf 84' lang='lat' dir='ltr'>integro</span> <span class='ocrx_word' id='word_1_160' title='bbox 709 2081 775 2145; x_wconf 87' lang='lat' dir='ltr'>fiat.</span> <span class='ocrx_word' id='word_1_161' title='bbox 795 2079 861 2144; x_wconf 82' lang='lat' dir='ltr'>cn.</span> <span class='ocrx_word' id='word_1_162' title='bbox 883 2077 930 2141; x_wconf 88' lang='lat' dir='ltr'>Dc</span> <span class='ocrx_word' id='word_1_163' title='bbox 954 2070 1070 2156; x_wconf 88' lang='lat' dir='ltr'>Herdt,</span> 
     </span>
     <span class='ocr_line' id='line_1_21' title="bbox 58 2166 333 2252; baseline 0.025 -25"><span class='ocrx_word' id='word_1_164' title='bbox 58 2166 138 2231; x_wconf 88' lang='lat' dir='ltr'>Part.</span> <span class='ocrx_word' id='word_1_165' title='bbox 156 2169 212 2252; x_wconf 90' lang='lat' dir='ltr'>IV,</span> <span class='ocrx_word' id='word_1_166' title='bbox 229 2191 263 2234; x_wconf 90' lang='lat' dir='ltr'>n.</span> <span class='ocrx_word' id='word_1_167' title='bbox 279 2170 333 2234; x_wconf 74' lang='lat'>52.</span> 
     </span>
    </p>
   </div>
   <div class='ocr_carea' id='block_1_4' title="bbox 423 2429 701 2458">
    <p class='ocr_par' dir='ltr' id='par_1_6' title="bbox 423 2429 701 2458">
     <span class='ocr_line' id='line_1_22' title="bbox 423 2429 701 2458; baseline 0.007 -2"><span class='ocrx_word' id='word_1_168' title='bbox 423 2429 701 2458; x_wconf 51' lang='lat' dir='ltr'><em>w</em></span> 
     </span>
    </p>
   </div>
   <div class='ocr_carea' id='block_1_5' title="bbox 204 2541 919 3087">
    <p class='ocr_par' dir='ltr' id='par_1_7' title="bbox 204 2541 919 3087">
     <span class='ocr_line' id='line_1_23' title="bbox 249 2541 883 2655; baseline 0.008 -8"><span class='ocrx_word' id='word_1_169' title='bbox 249 2582 382 2649; x_wconf 68' lang='lat' dir='ltr'>mcor</span> <span class='ocrx_word' id='word_1_170' title='bbox 405 2587 448 2651; x_wconf 90' lang='lat' dir='ltr'>n.</span> <span class='ocrx_word' id='word_1_171' title='bbox 474 2589 527 2652; x_wconf 84' lang='lat' dir='ltr'>on</span> <span class='ocrx_word' id='word_1_172' title='bbox 551 2541 883 2655; x_wconf 72' lang='lat' dir='ltr'>conconnnnrn.</span> 
     </span>
     <span class='ocr_line' id='line_1_24' title="bbox 204 2779 919 2879; baseline 0.01 -28"><span class='ocrx_word' id='word_1_173' title='bbox 204 2779 233 2870; x_wconf 63' lang='grc' dir='ltr'>ξ.</span> <span class='ocrx_word' id='word_1_174' title='bbox 266 2780 301 2852; x_wconf 80' lang='lat'>1.</span> <span class='ocrx_word' id='word_1_175' title='bbox 334 2781 390 2855; x_wconf 89' lang='lat' dir='ltr'>De</span> <span class='ocrx_word' id='word_1_176' title='bbox 420 2781 605 2879; x_wconf 70' lang='lat' dir='ltr'>effectibus</span> <span class='ocrx_word' id='word_1_177' title='bbox 635 2785 919 2863; x_wconf 82' lang='lat' dir='ltr'>Concttrreutioe.</span> 
     </span>
     <span class='ocr_line' id='line_1_25' title="bbox 478 3003 641 3087; baseline 0.006 -22"><span class='ocrx_word' id='word_1_178' title='bbox 478 3003 552 3087; x_wconf 80' lang='lat' dir='ltr'>(un.</span> <span class='ocrx_word' id='word_1_179' title='bbox 570 3003 641 3084; x_wconf 76' lang='lat' dir='ltr'>xi).</span> 
     </span>
    </p>
   </div>
   <div class='ocr_carea' id='block_1_6' title="bbox 66 3209 1076 4242">
    <p class='ocr_par' dir='ltr' id='par_1_8' title="bbox 103 3209 835 3298">
     <span class='ocr_line' id='line_1_26' title="bbox 103 3209 835 3298; baseline 0.011 -26"><span class='ocrx_word' id='word_1_180' title='bbox 103 3209 220 3289; x_wconf 84' lang='lat' dir='ltr'>Quaest.</span> <span class='ocrx_word' id='word_1_181' title='bbox 235 3210 289 3274; x_wconf 82' lang='lat'>56.</span> <span class='ocrx_word' id='word_1_182' title='bbox 307 3211 437 3296; x_wconf 74' lang='lat' dir='ltr'>Explica</span> <span class='ocrx_word' id='word_1_183' title='bbox 453 3213 529 3298; x_wconf 82' lang='lat' dir='ltr'>quid</span> <span class='ocrx_word' id='word_1_184' title='bbox 543 3215 584 3276; x_wconf 79' lang='lat' dir='ltr'>sit</span> <span class='ocrx_word' id='word_1_185' title='bbox 601 3212 835 3280; x_wconf 79' lang='lat' dir='ltr'>Concurrentio.</span> 
     </span>
    </p>

    <p class='ocr_par' dir='ltr' id='par_1_9' title="bbox 66 3303 1076 4242">
     <span class='ocr_line' id='line_1_27' title="bbox 102 3303 1073 3397; baseline 0.01 -30"><span class='ocrx_word' id='word_1_186' title='bbox 102 3303 142 3368; x_wconf 89' lang='lat' dir='ltr'>R.</span> <span class='ocrx_word' id='word_1_187' title='bbox 160 3303 391 3371; x_wconf 72' lang='lat' dir='ltr'>concurrentia</span> <span class='ocrx_word' id='word_1_188' title='bbox 407 3317 452 3371; x_wconf 87' lang='lat' dir='ltr'>cst</span> <span class='ocrx_word' id='word_1_189' title='bbox 473 3308 640 3373; x_wconf 87' lang='lat' dir='ltr'>conflictus</span> <span class='ocrx_word' id='word_1_190' title='bbox 663 3309 747 3374; x_wconf 90' lang='lat' dir='ltr'>inter</span> <span class='ocrx_word' id='word_1_191' title='bbox 768 3311 926 3397; x_wconf 86' lang='lat' dir='ltr'>Vesperas</span> <span class='ocrx_word' id='word_1_192' title='bbox 943 3311 1073 3377; x_wconf 91' lang='lat' dir='ltr'>Officio-</span> 
     </span>
     <span class='ocr_line' id='line_1_28' title="bbox 66 3397 1072 3488; baseline 0.011 -31"><span class='ocrx_word' id='word_1_193' title='bbox 66 3414 129 3460; x_wconf 87' lang='lat' dir='ltr'>rum</span> <span class='ocrx_word' id='word_1_194' title='bbox 144 3417 210 3461; x_wconf 90' lang='lat' dir='ltr'>non</span> <span class='ocrx_word' id='word_1_195' title='bbox 221 3397 336 3463; x_wconf 90' lang='lat' dir='ltr'>eodem</span> <span class='ocrx_word' id='word_1_196' title='bbox 352 3399 416 3485; x_wconf 88' lang='lat' dir='ltr'>die,</span> <span class='ocrx_word' id='word_1_197' title='bbox 433 3401 489 3466; x_wconf 89' lang='lat' dir='ltr'>scd</span> <span class='ocrx_word' id='word_1_198' title='bbox 513 3401 646 3469; x_wconf 68' lang='lat' dir='ltr'>duobus,</span> <span class='ocrx_word' id='word_1_199' title='bbox 659 3405 818 3469; x_wconf 90' lang='lat' dir='ltr'>continuis</span> <span class='ocrx_word' id='word_1_200' title='bbox 832 3404 957 3488; x_wconf 87' lang='lat' dir='ltr'>dicbus,</span> <span class='ocrx_word' id='word_1_201' title='bbox 975 3405 1072 3470; x_wconf 89' lang='lat' dir='ltr'>hodie</span> 
     </span>
     <span class='ocr_line' id='line_1_29' title="bbox 67 3490 1074 3586; baseline 0.015 -37"><span class='ocrx_word' id='word_1_202' title='bbox 67 3495 179 3571; x_wconf 83' lang='lat' dir='ltr'>etcras,</span> <span class='ocrx_word' id='word_1_203' title='bbox 190 3490 472 3560; x_wconf 83' lang='lat' dir='ltr'>celebrandorum.</span> <span class='ocrx_word' id='word_1_204' title='bbox 481 3495 561 3561; x_wconf 88' lang='lat' dir='ltr'>Cum</span> <span class='ocrx_word' id='word_1_205' title='bbox 575 3497 660 3560; x_wconf 92' lang='lat' dir='ltr'>enim</span> <span class='ocrx_word' id='word_1_206' title='bbox 672 3521 703 3564; x_wconf 90' lang='lat' dir='ltr'>v.</span> <span class='ocrx_word' id='word_1_207' title='bbox 714 3521 747 3586; x_wconf 80' lang='lat' dir='ltr'>g.</span> <span class='ocrx_word' id='word_1_208' title='bbox 761 3498 872 3564; x_wconf 87' lang='lat' dir='ltr'>Officia</span> <span class='ocrx_word' id='word_1_209' title='bbox 882 3499 1029 3584; x_wconf 87' lang='lat' dir='ltr'>Duplicia</span> <span class='ocrx_word' id='word_1_210' title='bbox 1042 3511 1074 3564; x_wconf 87' lang='lat' dir='ltr'>et</span> 
     </span>
     <span class='ocr_line' id='line_1_30' title="bbox 68 3580 1074 3681; baseline 0.011 -36"><span class='ocrx_word' id='word_1_211' title='bbox 68 3580 291 3670; x_wconf 84' lang='lat' dir='ltr'>Semiduplicio</span> <span class='ocrx_word' id='word_1_212' title='bbox 313 3587 369 3674; x_wconf 89' lang='lat' dir='ltr'>jus</span> <span class='ocrx_word' id='word_1_213' title='bbox 384 3590 524 3656; x_wconf 90' lang='lat' dir='ltr'>habeant</span> <span class='ocrx_word' id='word_1_214' title='bbox 547 3589 589 3654; x_wconf 88' lang='lat' dir='ltr'>ad</span> <span class='ocrx_word' id='word_1_215' title='bbox 613 3601 764 3679; x_wconf 88' lang='lat' dir='ltr'>utrasque</span> <span class='ocrx_word' id='word_1_216' title='bbox 793 3584 963 3681; x_wconf 74' lang='lat' dir='ltr'>vesperae,</span> <span class='ocrx_word' id='word_1_217' title='bbox 981 3614 1074 3656; x_wconf 82' lang='lat' dir='ltr'>nern-</span> 
     </span>
     <span class='ocr_line' id='line_1_31' title="bbox 66 3681 1074 3770; baseline 0.011 -31"><span class='ocrx_word' id='word_1_218' title='bbox 66 3696 101 3758; x_wconf 89' lang='lat' dir='ltr'>pe</span> <span class='ocrx_word' id='word_1_219' title='bbox 122 3681 242 3762; x_wconf 84' lang='lat' dir='ltr'>primae</span> <span class='ocrx_word' id='word_1_220' title='bbox 273 3691 305 3745; x_wconf 86' lang='lat' dir='ltr'>ct</span> <span class='ocrx_word' id='word_1_221' title='bbox 325 3685 485 3766; x_wconf 78' lang='lat' dir='ltr'>secundae,</span> <span class='ocrx_word' id='word_1_222' title='bbox 518 3685 593 3749; x_wconf 90' lang='lat' dir='ltr'>hinc</span> <span class='ocrx_word' id='word_1_223' title='bbox 618 3685 650 3750; x_wconf 84' lang='lat' dir='ltr'>ui</span> <span class='ocrx_word' id='word_1_224' title='bbox 671 3685 756 3770; x_wconf 87' lang='lat' dir='ltr'>juris</span> <span class='ocrx_word' id='word_1_225' title='bbox 782 3687 879 3766; x_wconf 90' lang='lat' dir='ltr'>illius,</span> <span class='ocrx_word' id='word_1_226' title='bbox 908 3709 980 3752; x_wconf 89' lang='lat' dir='ltr'>curn</span> <span class='ocrx_word' id='word_1_227' title='bbox 1009 3685 1074 3750; x_wconf 91' lang='lat' dir='ltr'>duo</span> 
     </span>
     <span class='ocr_line' id='line_1_32' title="bbox 67 3771 1076 3868; baseline 0.015 -37"><span class='ocrx_word' id='word_1_228' title='bbox 67 3771 134 3835; x_wconf 84' lang='lat' dir='ltr'>tatia</span> <span class='ocrx_word' id='word_1_229' title='bbox 155 3772 268 3838; x_wconf 88' lang='lat' dir='ltr'>Officia</span> <span class='ocrx_word' id='word_1_230' title='bbox 286 3796 354 3840; x_wconf 86' lang='lat' dir='ltr'>sese</span> <span class='ocrx_word' id='word_1_231' title='bbox 393 3781 538 3864; x_wconf 85' lang='lat' dir='ltr'>proxime</span> <span class='ocrx_word' id='word_1_232' title='bbox 567 3789 820 3867; x_wconf 89' lang='lat' dir='ltr'>consequuntur,</span> <span class='ocrx_word' id='word_1_233' title='bbox 848 3784 998 3868; x_wconf 76' lang='lat' dir='ltr'>Vespera</span> <span class='ocrx_word' id='word_1_234' title='bbox 1024 3804 1076 3848; x_wconf 91' lang='lat' dir='ltr'>se-</span> 
     </span>
     <span class='ocr_line' id='line_1_33' title="bbox 69 3863 1073 3964; baseline 0.016 -40"><span class='ocrx_word' id='word_1_235' title='bbox 69 3863 171 3930; x_wconf 86' lang='lat' dir='ltr'>cundae</span> <span class='ocrx_word' id='word_1_236' title='bbox 193 3866 298 3933; x_wconf 90' lang='lat' dir='ltr'>Officii</span> <span class='ocrx_word' id='word_1_237' title='bbox 328 3871 551 3958; x_wconf 76' lang='lat' dir='ltr'>praecedcntiS,</span> <span class='ocrx_word' id='word_1_238' title='bbox 569 3886 600 3937; x_wconf 90' lang='lat' dir='ltr'>et</span> <span class='ocrx_word' id='word_1_239' title='bbox 626 3876 738 3961; x_wconf 82' lang='lat' dir='ltr'>primae</span> <span class='ocrx_word' id='word_1_240' title='bbox 761 3879 923 3964; x_wconf 89' lang='lat' dir='ltr'>sequentis</span> <span class='ocrx_word' id='word_1_241' title='bbox 951 3879 1073 3964; x_wconf 88' lang='lat' dir='ltr'>pariter</span> 
     </span>
     <span class='ocr_line' id='line_1_34' title="bbox 69 3959 1073 4058; baseline 0.015 -39"><span class='ocrx_word' id='word_1_242' title='bbox 69 3959 185 4025; x_wconf 88' lang='lat' dir='ltr'>recitari</span> <span class='ocrx_word' id='word_1_243' title='bbox 201 3960 370 4030; x_wconf 88' lang='lat' dir='ltr'>deberent.</span> <span class='ocrx_word' id='word_1_244' title='bbox 389 3966 481 4033; x_wconf 88' lang='lat' dir='ltr'>Unde</span> <span class='ocrx_word' id='word_1_245' title='bbox 501 3968 640 4034; x_wconf 88' lang='lat' dir='ltr'>habetur</span> <span class='ocrx_word' id='word_1_246' title='bbox 667 3971 752 4035; x_wconf 86' lang='lat' dir='ltr'>inter</span> <span class='ocrx_word' id='word_1_247' title='bbox 773 3974 939 4058; x_wconf 90' lang='lat' dir='ltr'>utriusque</span> <span class='ocrx_word' id='word_1_248' title='bbox 970 3973 1073 4037; x_wconf 89' lang='lat' dir='ltr'>Officii</span> 
     </span>
     <span class='ocr_line' id='line_1_35' title="bbox 70 4049 1075 4152; baseline 0.015 -38"><span class='ocrx_word' id='word_1_249' title='bbox 70 4049 218 4139; x_wconf 68' lang='lat' dir='ltr'>vesperas</span> <span class='ocrx_word' id='word_1_250' title='bbox 247 4079 420 4126; x_wconf 90' lang='lat' dir='ltr'>concursus</span> <span class='ocrx_word' id='word_1_251' title='bbox 449 4085 505 4128; x_wconf 90' lang='lat' dir='ltr'>seu</span> <span class='ocrx_word' id='word_1_252' title='bbox 544 4064 798 4150; x_wconf 83' lang='lat' dir='ltr'>Concurrentia3</span> <span class='ocrx_word' id='word_1_253' title='bbox 826 4089 859 4134; x_wconf 90' lang='lat' dir='ltr'>v.</span> <span class='ocrx_word' id='word_1_254' title='bbox 889 4089 921 4152; x_wconf 82' lang='lat' dir='ltr'>g.</span> <span class='ocrx_word' id='word_1_255' title='bbox 954 4066 1075 4130; x_wconf 73' lang='lat' dir='ltr'>dieue</span> 
     </span>
     <span class='ocr_line' id='line_1_36' title="bbox 70 4141 1073 4242; baseline 0.017 -37"><span class='ocrx_word' id='word_1_256' title='bbox 70 4141 201 4212; x_wconf 86' lang='lat' dir='ltr'>Januarii</span> <span class='ocrx_word' id='word_1_257' title='bbox 218 4152 400 4220; x_wconf 88' lang='lat' dir='ltr'>celebratur</span> <span class='ocrx_word' id='word_1_258' title='bbox 414 4157 543 4222; x_wconf 86' lang='lat' dir='ltr'>Festum</span> <span class='ocrx_word' id='word_1_259' title='bbox 559 4158 592 4221; x_wconf 92' lang='lat' dir='ltr'>S.</span> <span class='ocrx_word' id='word_1_260' title='bbox 610 4157 769 4224; x_wconf 87' lang='lat' dir='ltr'>Francisci</span> <span class='ocrx_word' id='word_1_261' title='bbox 787 4159 911 4242; x_wconf 88' lang='lat' dir='ltr'>Salesii,</span> <span class='ocrx_word' id='word_1_262' title='bbox 929 4160 1073 4242; x_wconf 82' lang='lat' dir='ltr'>Duplex3</span> 
     </span>
    </p>
   </div>
   <div class='ocr_carea' id='block_1_7' title="bbox 0 0 1390 4740">
    <p class='ocr_par' dir='ltr' id='par_1_10' title="bbox 0 0 1390 4740">
     <span class='ocr_line' id='line_1_37' title="bbox 0 0 1390 4740; baseline 0 0"><span class='ocrx_word' id='word_1_263' title='bbox 0 0 1390 4740; x_wconf 95' lang='lat' dir='ltr'> </span> 
     </span>
    </p>
   </div>
  </div>
 </body>
</html>
