2780 4726
354 250 441 290 ursus
465 247 655 290 cessenssnr
679 245 803 287 ursssrr.
1031 227 1090 289 171

75 379 191 422 manus
208 365 281 418 ante
297 361 419 437 pectus,
437 349 666 434 prosequitur:
679 348 736 431 fiet
752 345 943 410 dilectissimi
957 347 1034 412 Filii
1049 354 1097 412 teci

77 454 207 514 Domini
220 449 321 512 nostri
333 446 407 508 Jesrr
425 442 566 524 Christi,
584 452 616 505 et
636 442 792 504 inclinans
808 450 903 526 caput
919 441 1024 522 Cruci,
1039 463 1096 506 ex-

76 545 187 632 tergit,
204 544 230 608 si
245 562 325 629 opus
337 539 446 619 fuerit,
464 538 594 622 pollices
609 545 641 600 et
655 532 778 598 indices
794 555 892 618 super
906 534 1091 620 Corporale,

77 651 111 704 et
130 637 208 702 dicit
229 644 364 711 secreto,
385 642 421 697 ut
435 632 545 717 prius:
564 631 629 709 Qui
646 629 749 714 pridie
771 651 866 715 quem
876 639 1047 714 poteretur,
1063 642 1095 695 ct

76 733 239 818 accipiens
253 729 370 817 pollice
386 736 418 790 et
430 724 534 790 indice
547 723 667 789 dextrse
683 745 795 787 manus
807 724 965 805 Hostium,
976 734 1008 788 et
1021 745 1090 788 eam

75 826 227 892 cumillis
251 845 288 888 ac
300 821 406 886 indice
423 831 454 884 et
465 819 580 904 pollice
593 820 727 882 sinistre
743 829 994 896 manusteneas,
1009 830 1094 883 stans

76 931 206 986 erectus
224 928 298 983 ante
315 914 458 979 medium
478 913 584 977 altaris
608 911 687 977 dicit
712 915 825 996 occepit
844 933 958 995 punem
974 915 1007 976 in
1024 935 1094 978 surc-

74 1026 142 1077 ctcs
158 1033 192 1074 ac
207 1007 392 1074 oenmebiles
408 1026 519 1069 manes
541 1007 824 1090 suus,elevansque
838 1001 877 1066 ad
888 1006 1003 1069 coelum
1020 1027 1093 1070 ocu·

75 1110 138 1184 los,
157 1117 189 1169 et
212 1105 317 1168 statim
342 1100 525 1179 demittens,
543 1099 622 1162 dicit
639 1110 666 1162 et
690 1099 812 1162 clevatis
828 1097 923 1161 oculis
940 1101 973 1160 ire
988 1100 1094 1164 celsae

74 1202 116 1264 ad
130 1212 159 1263 te
174 1202 275 1263 Derim
283 1197 766 1278 Petremsuumomm'potentem,
778 1194 1094 1279 caputquealiquan-

73 1297 181 1359 tulum
194 1294 361 1373 inclinans,
371 1288 450 1354 dicit
464 1289 520 1351 tibi
529 1291 649 1372 pretias
664 1307 769 1373 opens,
780 1295 812 1349 et
825 1296 936 1350 tenens
947 1289 1092 1354 Hostiam

74 1391 161 1452 inter
181 1388 331 1473 pollicem
353 1394 385 1447 et
407 1383 546 1446 indicem
571 1381 705 1445 sinistree
732 1400 857 1457 manus,
874 1378 1005 1444 dextera
1022 1404 1092 1466 pro·

71 1483 164 1547 ducit
180 1483 306 1569 signum
323 1480 425 1544 crucis
440 1499 537 1562 super
560 1497 643 1551 eam,
662 1474 771 1540 dicens
791 1473 863 1536 lene
877 1473 904 1558 †
920 1474 1010 1556 dicit,
1032 1476 1092 1561 sre-

71 1581 136 1662 pit,
153 1577 295 1662 deditque
311 1573 471 1656 discipulis
485 1573 563 1650 suis,
581 1571 702 1635 diceres:
717 1569 856 1650 Accipite
872 1578 898 1630 et
912 1569 1094 1634 manducate

73 1693 113 1732 ese
139 1671 193 1734 ltoc
209 1690 324 1732 omnes.

121 1765 155 1829 5.
181 1762 214 1827 si
234 1760 317 1825 adsit
336 1781 392 1825 ves
418 1780 492 1822 cum
513 1760 584 1822 aliis
607 1754 725 1819 Hostiis
747 1757 982 1836 consecrandis,
1000 1771 1092 1824 ante-

71 1881 175 1944 quam
198 1856 333 1940 accipiat
356 1853 512 1930 Hostiam,
537 1850 730 1934 discooperit
752 1871 849 1914 manu
864 1849 997 1916 dextere
1012 1852 1092 1916 Cali-

71 1940 159 2034 cem,
178 1972 234 2015 seu
250 1971 305 2014 vas
319 1949 453 2011 alierum
470 1948 664 2010 Hostiarum.
683 1943 763 2008 Cum
779 1953 886 2008 autem
908 1944 1026 2009 finierit
1041 1967 1091 2009 su·

72 2046 222 2126 predicte
238 2043 350 2125 verba,
367 2042 483 2106 cubitis
498 2062 595 2125 super
609 2039 708 2102 altere
734 2038 855 2122 positis,
879 2049 963 2104 stans
985 2040 1090 2125 capite

1 2163 2 2166 ¹
72 2142 242 2220 inclinato,
259 2137 419 2215 distincte,
437 2146 634 2217 reverenter,
648 2144 680 2197 et
694 2144 817 2198 secretu
842 2136 964 2220 profert
990 2136 1088 2202 verba

70 2232 330 2304 ¹Consecrationis
353 2253 449 2315 super
471 2231 627 2305 Hostiam,
652 2238 684 2293 et
699 2228 793 2292 simul
808 2250 904 2313 super
922 2250 1044 2308 omnes,
1062 2229 1088 2292 si

68 2330 185 2412 plures
199 2328 263 2390 sint
284 2323 520 2404 consecrandis,
544 2335 576 2388 et
591 2323 736 2387 Hostiam
750 2344 840 2387 suam
857 2324 1026 2407 pollicibus
1056 2334 1089 2386 et

69 2419 237 2484 indicibus
250 2431 373 2484 tantum
387 2417 591 2499 tenens‚dicit
601 2419 683 2480 :Hoc
691 2429 735 2480 cst
746 2420 827 2481 enim
841 2416 959 2502 Corpus
973 2439 1087 2480 merem.

69 2514 201 2594 Quibus
216 2513 358 2598 prolatis,
378 2513 544 2577 celebrans
567 2523 679 2575 tenens
699 2513 843 2576 Hostiam
859 2513 944 2576 inter
958 2512 1089 2596 pollices
1187 2515 1190 2522 ’

69 2619 104 2670 ct
119 2605 242 2670 indices
255 2606 422 2690 praedictos
435 2629 531 2691 super
543 2609 653 2689 altare,
666 2608 798 2692 reliquis
812 2627 965 2670 manuum
980 2605 1089 2692 digitis

68 2701 214 2762 extensis
230 2710 262 2762 et
276 2701 370 2764 simul
381 2701 504 2786 junctis
516 2703 561 2783 (et
577 2702 707 2783 Hostiis,
726 2702 751 2765 si
767 2704 875 2786 plures
891 2703 953 2765 sint
974 2722 1087 2774 conse-

68 2802 168 2857 cratae
184 2793 217 2855 in
232 2794 315 2876 loco,
333 2795 365 2857 in
378 2816 442 2880 quo
456 2816 473 2858 a
485 2781 643 2879 principio
655 2795 757 2859 Missse
770 2796 878 2881 positae
893 2803 978 2872 sunt,
990 2817 1088 2880 super

69 2887 248 2970 Corporale
264 2889 316 2952 vel
331 2889 364 2951 in
388 2890 451 2953 alio
474 2911 550 2955 vase
565 2899 621 2954 aut
640 2888 745 2954 Calice
768 2888 928 2973 demissis)
944 2890 1085 2976 genufle-

69 3001 133 3044 xus
160 3001 232 3044 eam
261 2976 390 3046 adorat:
418 2991 495 3046 tunc
524 3004 557 3046 se
580 2983 717 3069 erigens,
743 2993 898 3069 quantum
918 2982 1087 3046 commode

69 3083 191 3161 potest,
210 3078 314 3140 elevat
330 3078 362 3141 in
375 3079 474 3141 altum
491 3079 648 3160 Hostiam,
666 3089 697 3144 et
712 3079 842 3143 intentis
857 3080 890 3142 in
903 3099 974 3156 eam
986 3080 1087 3142 oculis

68 3169 179 3257 (quod
202 3181 234 3234 et
260 3173 292 3234 in
319 3175 498 3239 elevatione
524 3172 638 3236 Calicis
661 3174 750 3257 iecit)
766 3176 885 3260 populo
900 3184 1088 3238 reverenter

68 3265 451 3332 ostendit-adorandams
477 3279 509 3332 et
530 3288 606 3332 mox
628 3270 695 3332 sola
714 3289 812 3332 manu
835 3267 967 3332 dextera
984 3269 1085 3352 ipsam
1154 3287 1164 3306 ⁴

68 3363 264 3426 reverenter
283 3363 410 3447 reponit
431 3384 527 3448 super
550 3361 720 3448 Corporale
737 3366 769 3427 in
783 3361 897 3426 eodem
913 3363 983 3426 loco
1000 3361 1086 3426 unde

69 3477 145 3518 earn
163 3456 293 3538 levavit,
311 3467 341 3519 et
353 3455 505 3542 deinceps
520 3458 653 3542 pollices
664 3469 694 3521 et
707 3457 829 3520 indicos
841 3477 903 3519 non
917 3454 1085 3542 disjungit,

68 3549 134 3612 nisi
163 3547 293 3632 quando
318 3551 463 3614 Hostiam
489 3563 704 3616 consecratam
729 3563 858 3637 tangere
882 3552 932 3614 vel
951 3561 1087 3616 tractare

67 3643 297 3729 debet,usque
319 3643 357 3707 ad
381 3645 579 3709 ablutionem
602 3644 776 3732 digitorum
798 3654 869 3729 post
884 3643 1087 3710 Communic-

67 3759 163 3801 nem.

117 3833 151 3894 6.
177 3834 330 3918 Reposita
346 3835 457 3898 Hostia
472 3845 654 3900 consecrata
675 3856 771 3919 super
787 3834 972 3918 Corporale,
989 3855 1088 3922 genu·

69 3927 179 3990 flexus
195 3927 295 4012 ipsam
312 3939 506 3993 veneratur:
524 3931 549 3992 si
565 3929 648 3994 adsit
661 3951 718 3994 vas
740 3929 874 3992 aliarum
889 3929 1085 4012 Hostiarum,

69 4023 199 4084 Patene
219 4023 271 4086 vel
290 4024 379 4086 Palla
405 4025 548 4108 cooperit
570 4034 606 4088 ut
632 4045 739 4108 supra.
762 4025 895 4086 lnterim
910 4023 987 4086 dum
1003 4027 1089 4090 cele-

71 4115 173 4179 brans
190 4118 296 4182 elevat
310 4117 465 4198 Hostiam,
479 4139 612 4183 accenso
628 4119 717 4203 prius
731 4118 890 4181 intortioio
907 4117 1006 4202 (quod
1023 4140 1088 4183 non
