2750 4738
442 264 618 310 nnsvrsnn.
989 241 1031 306 79

29 385 185 464 sequatur,
195 375 358 442 subintrat
368 368 516 438 Officium
527 363 745 452 deTcmporc,
756 374 789 429 et
799 365 947 453 Vesperae
960 378 1033 436 torm

30 483 116 536 erunt
130 472 171 536 dc
186 472 293 536 Feria.
530 544 533 552 ,

70 568 99 630 9.
123 567 217 632 Feria
230 587 296 632 non
309 572 414 651 potest
436 577 628 630 concurrere
643 575 716 622 cum
732 555 796 620 alio
808 557 921 624 Officio
935 559 966 629 in
983 585 1034 626 sc.

32 660 136 726 cundis
147 661 313 747 Vesperis,
330 679 435 744 neque
451 661 525 722 cum
537 654 605 738 ipsa
617 659 719 736 potest
731 671 799 714 asse
813 673 987 721 concursus
1001 657 1033 721 iu

32 754 136 840 primis
151 753 315 838 vesperis:
333 751 408 838 quia
420 749 490 836 ojus
504 745 652 812 Officium
668 741 780 828 incipit
791 755 823 810 et
837 743 966 832 desinit,
979 751 1034 816 ubi

34 847 145 914 desinit
174 859 209 914 et
224 847 337 932 incipit
348 844 575 931 quodcumque
590 837 677 904 aliud
692 837 853 905 Officium.
882 843 1036 926 Quamvis

36 945 156 1030 proprie
169 944 211 1030 (si
224 940 406 1010 ridendum
422 950 469 1006 est
479 935 687 1025 principium)
698 947 853 1022 sequente
863 941 955 1006 Feria
967 955 1039 1029 post

37 1036 123 1100 aliam
135 1037 275 1118 Feriam,
287 1035 358 1121 ejus
370 1034 516 1098 Officium
527 1030 661 1114 incipiat
674 1051 694 1093 a
708 1030 916 1115 Matutino,et
927 1038 1038 1102 termi-

38 1140 124 1193 netur
147 1141 305 1217 sequente
331 1130 395 1194 alia
415 1128 508 1194 Feria
530 1123 570 1190 ad
586 1125 850 1210 Complatorium,
872 1139 905 1196 ct
919 1129 993 1196 idco
1014 1133 1039 1196 si

39 1225 123 1289 Feria
143 1235 300 1312 sequatur
327 1225 423 1290 aliam
448 1224 587 1300 Feriam,
605 1223 638 1285 in
659 1221 811 1306 Vesperis
833 1223 1042 1308 praecedentis

38 1319 129 1383 Feriae
145 1319 228 1408 nihil
241 1320 277 1384 fit
291 1317 332 1382 de
343 1318 501 1405 sequenti,
532 1314 638 1403 quoad
664 1336 713 1398 ca,
736 1336 807 1401 quse
830 1318 861 1382 in
895 1322 1041 1407 sequenti

41 1413 124 1476 Feria
160 1423 236 1478 sunt
271 1413 415 1498 propria.
462 1409 563 1478 Verbi
600 1409 719 1494 gratia,
758 1409 784 1473 si
822 1411 854 1474 in
892 1413 1043 1500 Vesperis

41 1507 133 1571 Feriaa
155 1510 204 1574 111
239 1518 313 1572 anta
347 1507 473 1576 Feriam
515 1504 560 1571 lV
589 1503 741 1568 Cinerum
774 1503 828 1570 fiat
857 1504 898 1572 dc
927 1509 1041 1593 Feria,

43 1599 153 1666 dicitur
175 1603 286 1668 Oratio
315 1602 490 1666 Dominicae
521 1597 751 1684 precedentis,
780 1621 844 1664 non
873 1612 979 1668 autem
1007 1627 1044 1670 ca

44 1716 107 1780 quae
136 1709 184 1762 est
214 1699 345 1784 propria
374 1698 407 1760 in
437 1695 582 1782 sequenti
608 1694 700 1758 Feria
716 1695 760 1760 IV
783 1695 957 1784 Cinrrum:
987 1723 1046 1770 nee

44 1800 110 1853 ante
147 1793 334 1858 Orationem
363 1790 515 1855 dicuntur
552 1790 679 1868 Preces,
702 1809 773 1874 quae
799 1788 943 1856 dicendas
973 1807 1047 1862 suot

46 1883 73 1946 in
86 1883 169 1952 dicta
183 1891 208 1954 F
210 1889 278 1954 cria
289 1888 335 1955 lv
350 1888 513 1951 Cinerum.
532 1881 625 1964 Quod
637 1885 740 1948 eriam
752 1886 797 1968 tit,
811 1885 942 1972 quando
955 1891 1046 1956 Feria

46 2000 97 2062 per
112 2005 235 2050 aunum
248 1980 401 2069 praecedit
411 1981 537 2045 Feriam
554 1978 698 2058 Quatuor
710 1980 914 2065 Temporum,
928 1985 980 2049 vel
995 1987 1051 2054 Vi·

47 2074 201 2160 giliarum.
218 2081 288 2144 Hac
299 2079 396 2143 etiam
411 2077 533 2140 ratione
550 2075 697 2159 superius
708 2073 828 2140 dictam
844 2086 891 2142 est
912 2079 944 2142 in
971 2103 1049 2146 con·

48 2176 203 2240 currentia
213 2175 352 2238 aliorum
361 2173 558 2251 Officiorum,
573 2193 645 2234 rrum
658 2171 747 2234 Feria
766 2172 889 2235 nullum
901 2174 1047 2242 Officium

48 2283 247 2353 concurrere,
265 2280 297 2333 ct
309 2269 388 2334 nihil
401 2267 470 2332 fieri
481 2265 522 2329 dc
532 2267 625 2330 Feria
641 2263 845 2352 precedenti,
857 2265 1049 2336 adveniente

28 2360 104 2422 'alio
125 2363 251 2428 Officio.
277 2364 310 2426 Si
324 2371 431 2426 autem
447 2359 487 2424 de
505 2383 541 2424 ea
558 2358 730 2447 aliquando
746 2359 814 2425 fieri
831 2359 948 2428 debeat
960 2365 1048 2432 Com·

50 2461 230 2524 memoratio
246 2462 279 2525 in
294 2457 457 2543 Vesperis,
482 2477 547 2520 non
568 2455 604 2520 fit
628 2457 751 2520 ratione
781 2477 964 2545 concursus,
993 2462 1050 2528 sed

52 2551 118 2633 quia
132 2575 171 2618 eo
187 2553 253 2637 die,
267 2575 332 2640 quc
344 2553 491 2618 Officium
507 2551 671 2614 Feriarum
683 2549 851 2616 Adventus
866 2565 897 2618 ct
911 2551 1053 2630 Quadra·

52 2649 171 2728 gesimae
186 2649 373 2737 impeditur,
392 2649 519 2712 illarum
533 2646 801 2711 Commemoratiu
825 2649 947 2714 ratione
970 2661 1051 2716 tcm-

53 2744 129 2820 poris
145 2767 185 2810 cx
200 2755 362 2834 praecepto
373 2745 522 2808 Ecclesiae
538 2742 742 2828 praetermitti
760 2765 823 2806 non
840 2741 949 2810 debet.

90 2837 140 2900 tc.
167 2840 246 2904 Cum
264 2839 341 2902 vero
358 2837 507 2917 occurrit,
524 2845 560 2899 ut
574 2835 701 2898 Festum
732 2836 875 2921 Simplex
898 2839 1006 2904 veniat
1020 2839 1052 2904 in

55 2927 136 2996 Feria
150 2935 196 2999 IV
208 2933 446 3013 etVIQuatuor
461 2933 667 3016 Temporum,
679 2928 710 2992 in
725 2930 749 2992 F
752 2932 817 2994 cria
827 2932 872 2998 lv
888 2933 1051 3016 Cincrum,

56 3036 83 3088 ct
93 3028 121 3090 in
134 3030 261 3118 Vigiliis
277 3051 348 3116 quae
356 3027 559 3114 jejunantur,
576 3026 724 3111 Vespere
740 3027 965 3096 antecedentes
980 3029 1054 3116 (nisi

57 3140 88 3183 ea
98 3121 147 3188 die
160 3126 358 3190 celebratum
374 3123 550 3187 sitFestum
565 3143 679 3186 novem
696 3122 896 3207 Lectionum)
909 3136 1002 3190 erunt
1013 3123 1054 3190 de

57 3215 139 3282 Feria
151 3220 313 3284 communi
336 3239 394 3303 per
415 3238 547 3299 annum,
564 3226 751 3280 nouantem
770 3215 818 3280 ‘de
844 3221 1001 3304 sequenti,
1019 3229 1056 3284 ut

59 3307 170 3378 dictum
187 3324 246 3396 est,
265 3335 337 3378 cum
354 3312 663 3376 Commemoratione
678 3312 762 3376 Festi
779 3313 938 3397 Simplicis
954 3316 986 3378 in
1004 3337 1055 3378 sc·

60 3411 159 3490 quenti
170 3411 264 3474 Feria
277 3409 485 3474 occurrentis.
500 3406 594 3488 Quod
607 3405 680 3470 idco
696 3429 760 3470 non
771 3407 817 3488 fir,
831 3411 906 3494 quia
919 3432 1057 3496 sequens

61 3501 267 3568 Feriahabeat
280 3504 396 3588 primas
407 3503 582 3587 Vesperas:
596 3501 652 3564 sed
664 3503 826 3589 quia,cum
837 3505 963 3570 Festum
977 3506 1057 3570 Sim·

63 3599 127 3679 plcx
138 3601 169 3664 in
186 3599 333 3686 sequenti
347 3597 400 3661 dic
416 3620 479 3661 non
495 3598 613 3663 habeat
624 3598 773 3663 Officium
791 3610 923 3685 propter
933 3601 1057 3664 Feriam

64 3693 234 3774 predictam
250 3697 283 3759 in
300 3715 338 3760 cc
360 3705 592 3776 occurrentem,
611 3715 670 3760 nec
686 3695 781 3760 ctiam
808 3697 959 3762 convenit
978 3693 1063 3761 illud

65 3785 172 3854 hebere
186 3789 307 3876 primas
318 3787 476 3874 Vesperas
489 3791 520 3854 in
536 3787 728 3875 precedenti
745 3789 810 3858 dic.
835 3791 875 3854 Et
887 3790 1000 3854 eadem
1011 3814 1060 3855 ra·

22 3939 23 3954 ,
68 3880 151 3966 tione,
168 3884 194 3946 si
208 3885 338 3948 Festum
362 3883 504 3968 Simplex
519 3893 666 3948 occurrat
679 3885 772 3948 Feria
788 3885 816 3952 V
835 3884 866 3948 in
883 3886 978 3950 Coena
994 3887 1061 3948 Do-

22 3957 24 3986 *
67 3975 145 4058 mini,
159 3977 190 4041 in
207 3997 270 4063 qua
285 3973 326 4038 dc
338 3996 376 4039 co
391 3997 455 4040 non
472 3976 570 4042 dehet
590 3976 659 4039 ficri
675 3977 954 4058 commemoratio,
972 3979 1060 4043 nulla

69 4068 150 4224 quam
165 4069 219 4135 liet
240 4072 508 4136 commemoratio
530 4073 562 4136 in
585 4072 736 4161 Vesperis
761 4074 861 4140 Feria>
879 4074 923 4140 IV
945 4095 1062 4158 pracc-

88 4166 172 4234 entis.
