2754 4740
336 185 378 247 20
750 209 940 263 oumsuonss

333 306 461 390 penitus
491 317 623 392 propter
646 309 795 394 mysterio
825 331 896 395 quae
929 312 960 374 in
992 312 1030 376 iis
1055 315 1246 399 recoluntur,
1284 343 1333 387 mc

331 400 398 462 ullo
425 401 487 463 alio
513 398 567 465 dio
596 400 665 464 ficri
690 414 833 487 possunt.
859 406 1003 492 Dignitas
1028 404 1168 494 denique
1194 412 1279 477 simul
1307 428 1333 481 ct

330 494 512 574 necessitas,
530 495 564 557 in
587 495 763 561 Dominicis
777 498 907 563 Paschae
910 501 1148 581 ‚Pentecostes‚
1175 505 1330 592 Trinitatis,

329 587 404 672 quia
416 589 510 651 simul
526 599 557 653 et
567 590 744 656 Dominicis
767 603 840 657 sunt
856 603 888 656 et
901 594 1021 658 Festa
1012 606 1089 659 rtem
1101 600 1327 666 solemnissima.

376 691 496 771 Quoest.
514 692 569 755 5⁷.
587 693 638 756 Do
653 697 762 760 seriem
779 693 989 780 Officiorum
975 719 1008 760 m
1025 719 1087 783 qun
1103 720 1136 763 eo
1150 699 1321 766 ordinet
1268 705 1321 789 rese
1322 740 1331 752 ·

327 795 454 862 runtur,
484 796 518 848 nt
535 783 680 871 Officium
707 793 851 873 superius
863 794 1000 873 positum
1022 793 1247 878 ρἩωῘεναῑαν
1223 817 1260 858 us
1273 819 1328 882 quo

326 879 504 965 msertorem
515 879 615 944 locum
637 893 796 998 occupant,
814 882 937 969 quondo
951 883 1047 951 simul
1069 899 1244 950 occurrunt.

368 985 410 1049 R
425 984 471 1046 En
496 983 737 1048 illamscricm·

367 1089 383 1150 1
405 1086 551 1152 Officium
566 1088 740 1152 Dominicoe
757 1091 772 1152 l
791 1091 833 1154 cl.
850 1090 942 1175 (item
968 1091 1068 1155 Feriae
1084 1093 1285 1178 privilegintae
1298 1103 1323 1156 et

596 1181 723 1268 Vigiliae
737 1184 917 1250 Natiuitatis
931 1186 1060 1249 Domini
1078 1197 1110 1251 ct
1124 1185 1323 1266 Pentecostcs)

582 1275 667 1341 Festi
683 1278 699 1339 1
718 1279 773 1358 cl.‚

581 1371 757 1435 Dominicrn
773 1373 793 1435 9
816 1375 871 1453 cl,

582 1465 665 1529 Festi
684 1467 703 1528 9
727 1468 783 1542 cl.,

580 1559 708 1624 Octavae
721 1513 785 1623 dici
810 1561 1004 1626 Octavarum
1018 1565 1250 1641 communium,

475 1303 489 1335 tt

474 1397 488 1429 l)

475 1491 488 1523 u

472 1585 487 1617 u

474 1679 485 1710 s
578 1655 663 1717 chti
678 1654 822 1740 Duplicis
837 1655 977 1740 majoris,

471 1766 485 1798 n
578 1740 662 1803 Festi
679 1741 822 1826 Duplicis
838 1741 983 1819 minoris,

470 1860 483 1892 ll

470 1955 483 1987 Ι)

468 2048 483 2080 ))

474 2142 482 2174 l

468 2236 482 2268 l)

577 1836 751 1900 Dominicae
764 1837 953 1918 communis,

577 1930 661 1993 Festi
678 1928 914 2016 Semiduplicis,

576 2024 645 2088 Diei
662 2026 744 2089 inira
760 2025 896 2089 Octavus
914 2045 1111 2108 communes,

469 2143 475 2173 ›
576 2117 675 2182 Feriae
687 2116 829 2202 majoris,

574 2212 700 2299 Vigiliae
720 2213 863 2293 minoris,

460 2331 483 2366 vn
575 2308 658 2370 Festi
676 2307 849 2393 Simplicis.
1365 2387 1366 2390 J

358 2410 509 2496 Sequitur
532 2409 659 2473 taudem
677 2411 824 2475 Officium
847 2409 946 2474 Feriae
970 2407 1114 2491 minoris,
1131 2407 1189 2472 sed
1206 2411 1319 2495 proprie

313 2528 377 2570 non
399 2503 515 2568 dicitur
531 2526 713 2569 occurrere.
1364 2479 1365 2542 i

355 2610 468 2673 Facilis
491 2618 539 2672 est
561 2629 637 2672 usus
665 2606 763 2693 hujus
789 2608 927 2672 tabellae.
945 2607 1066 2692 Siquis
1093 2629 1127 2672 v.
1159 2614 1317 2694 gquaerat
1363 2571 1364 2634 i

311 2705 406 2789 qualo
416 2702 563 2766 Officium
575 2704 615 2766 sit
625 2701 860 2786 praelcrendum
873 2700 1002 2789 quando
1015 2702 1186 2766 FestumS.
1190 2699 1316 2766 Andreae
1361 2673 1363 2764 i

310 2796 367 2879 (50
396 2793 599 2877 Novembris)
627 2797 753 2881 Duplex
782 2799 802 2860 9
831 2799 873 2861 cl
898 2799 1108 2862 occuritcum
1133 2765 1362 2861 Dominicul

309 2889 484 2974 Adventus,
506 2891 610 2955 statim
641 2889 729 2955 videt
758 2890 850 3000 quod.
872 2894 1044 2977 praevaleut
1058 2891 1206 2956 Officium
1230 2888 1313 2973 hujus
1360 2863 1361 2908 ¹

308 2985 481 3049 Dominicae
508 2985 627 3071 quippo
657 3006 728 3070 quae
752 2986 852 3069 priori
883 2988 953 3050 loco
983 2986 1105 3050 occurit
1136 2986 1169 3049 in
1190 2983 1309 3048 tabclla.

306 3079 387 3142 Item
418 3077 493 3164 quia
508 3099 540 3141 v.
559 3100 592 3163 g.
609 3076 737 3141 Festum
753 3080 879 3162 Duplex
893 3079 999 3142 minus
1014 3075 1186 3160 antecedit,
1213 3078 1245 3140 in
1266 3075 1311 3136 illu

307 3174 401 3254 sorio,
419 3171 618 3235 Dominicnm
640 3193 855 3251 communem,
875 3172 1045 3258 praelortur
1066 3172 1215 3237 Officium
1237 3169 1310 3234 illius
1356 3229 1357 3276 J

306 3267 460 3350 Duplicis,
476 3264 606 3351 quando
623 3267 656 3329 in
668 3267 835 3330 Dominica
850 3267 1011 3332 communi
1028 3268 1161 3331 occurit.
1355 3321 1356 3368 J

350 3365 654 3434 Notandumlnlrac
669 3370 751 3433 serio
764 3370 948 3435 Officiorum
961 3371 1049 3433 locus
1066 3391 1129 3434 nou
1142 3371 1310 3457 assignatur
1354 3385 1355 3388 ¹

306 3461 435 3528 Ocuvis
450 3459 673 3547 privilegiatis,
702 3460 743 3525 de
773 3483 908 3548 quarum
936 3461 1112 3548 privilegiis
1127 3461 1309 3526 sufficienter

299 3556 371 3642 jam
397 3563 503 3620 actum
528 3563 587 3636 est,
604 3576 645 3618 ne
674 3556 829 3641 prolixior
844 3556 928 3621 lacta
943 3556 1060 3622 tabella
1074 3554 1235 3620 difficilius
1248 3576 1308 3618 mc·

304 3652 413 3716 moriae
443 3647 625 3714 mandetur.
657 3653 693 3715 ln
717 3651 908 3716 Occureutia
946 3673 1023 3740 crgo
1053 3649 1189 3735 alicujus
1215 3649 1306 3715 Officii

304 3765 377 3807 cum
407 3744 514 3830 aliqua
543 3742 662 3811 Octavo
691 3746 912 3832 privilegiata,
939 3743 1172 3811 recurrendum
1201 3755 1248 3809 cst
1271 3740 1304 3806 ud

303 3839 545 4019 qugiidcsztiioss.
565 3939 723 4008 Occuruut
739 3944 868 4009 subinde
883 3944 984 4009 eodem
1000 3943 1048 4006 die
1062 3940 1240 4005 celebrando
1253 3939 1304 4001 duo

301 4037 392 4100 Festa
417 4033 551 4120 ejusdem
574 4039 654 4102 ritus
673 4050 701 4102 ot
731 4039 850 4118 classis,
882 4049 916 4102 ut
949 4038 1010 4100 duo
1038 4033 1185 4118 Duplicia
1212 4037 1227 4098 l
1256 4031 1300 4110 cl,
