2794 4728
491 223 681 266 ronrrrrcru.
1037 213 1099 276 ηδ

83 325 233 387 emittat:
252 321 309 386 sed
325 343 396 407 quae
412 322 444 385 in
455 333 621 407 posterum
637 334 725 388 extra
737 326 857 393 Urbem
868 332 1008 416 imprimi
1020 355 1097 398 con·

83 419 205 502 tigerit,
224 439 260 480 ca
284 438 348 479 non
371 418 475 496 aliter,
493 440 589 504 quam
614 420 653 482 ad
673 424 839 506 exemplar
855 427 887 488 in
903 426 988 492 dieta
1011 439 1098 515 typo·

79 512 220 596 graphia
230 532 315 574 nunc
331 509 454 576 editum
478 513 620 597 imprimi
637 536 728 598 posse
744 520 972 602 permittimus,
992 525 1098 609 requi-

80 607 142 668 sita
159 617 266 669 tamen
281 605 383 689 prius,
401 617 432 670 et
457 607 489 670 in
511 609 637 692 scriptis
653 608 785 677 obtenta
801 611 992 679 dilectorum
1014 617 1097 680 filio·

80 723 155 762 rum
185 701 416 787 Inquisitorum
445 702 603 765 haeretieae
627 705 793 786 pravitatis
820 707 853 770 in
879 709 917 772 iis
947 712 1036 792 loeis,
1062 714 1094 776 in

78 795 199 878 quibus
209 795 346 876 suerint5
364 795 420 856 ubi
436 815 589 860 veronen
605 797 735 878 luerint,
750 797 995 868 Ordinariorum
1007 806 1095 870 loeo-

78 910 151 952 rum
169 889 321 952 facultate
336 912 344 952 :
362 890 504 976 alioquin
517 891 547 954 si
564 890 684 978 absque
698 913 735 956 ea
750 891 872 958 dictum
888 897 1013 962 Missale
1028 901 1088 986 ipsi

77 984 215 1067 posthac
231 983 427 1068 imprimere,
446 997 499 1048 aut
515 985 699 1070 bibliopolae
716 985 857 1051 vendere
881 1013 1094 1079 praesumpse-

77 1077 155 1155 rint,
189 1077 379 1162 typographi
410 1088 441 1140 et
466 1078 651 1163 bibliopolae
682 1092 772 1144 extra
802 1083 926 1148 Statum
949 1098 1092 1153 nostrum

76 1173 330 1235 ecclesiasticum
357 1173 539 1250 existentes,
563 1177 905 1242 excommunicationis
931 1183 1001 1246 latae
1023 1205 1092 1248 sen·

76 1267 198 1348 tentiae,
225 1289 243 1329 a
269 1287 332 1350 qua
355 1267 413 1330 nisi
442 1289 460 1330 a
485 1289 618 1331 romano
633 1269 802 1348 Pontifiee,
820 1283 1033 1362 praeterquam
1057 1279 1090 1342 iu

74 1362 195 1424 mortis¹
216 1361 351 1424 articulo
378 1363 553 1440 constituti,
582 1363 705 1426 absolvi
733 1377 916 1450 nequeant;
945 1369 978 1432 in
1006 1373 1090 1436 alma

75 1478 153 1520 vero
178 1457 265 1518 Urbe
293 1467 323 1518 et
351 1457 476 1542 reliquo
494 1458 584 1522 Statu
611 1459 825 1523 eeclesiastico
842 1477 1087 1546 commorantes,

73 1553 328 1636 quingentorum
342 1550 532 1614 ducatorum
549 1553 618 1615 auri
641 1551 682 1614 de
695 1553 840 1632 Camere,
858 1578 895 1620 ac
911 1560 1089 1626 amissionis

73 1646 248 1722 librorum,
266 1656 298 1708 et
315 1657 462 1731 typorum
484 1649 629 1711 omnium
645 1647 784 1714 Camerae
810 1649 969 1734 praedictae
989 1657 1089 1739 appli-

73 1737 254 1802 candorum
266 1760 374 1822 poenas
388 1739 510 1826 absque
525 1741 587 1803 alia
598 1740 814 1805 declaratione
827 1744 1088 1814 irremissibiliter

73 1835 243 1896 incurrant
258 1855 295 1895 eo
312 1834 380 1917 ipso
395 1855 402 1909 ;
431 1845 462 1896 et
479 1835 687 1898 nihilominus
703 1833 891 1900 eorumdem
911 1840 1086 1906 Missalium

73 1951 131 2012 per
147 1950 205 1990 cos
221 1925 261 1989 de
276 1935 383 1991 cetero
399 1928 520 2014 absque
536 1928 723 2015 hujusmodi
743 1929 871 1994 lieentia
896 1932 1086 2018 imprimen-

72 2023 202 2104 dorum,
217 2032 272 2085 aut
287 2021 532 2087 vendendorum
549 2046 642 2088 usum
664 2025 786 2110 ubique
797 2026 941 2090 locorum
958 2039 990 2091 et
1004 2051 1086 2114 gen-

73 2119 152 2181 tium
166 2117 228 2180 sub
242 2115 362 2180 eisdem
374 2117 474 2201 poenis
486 2118 719 2201 interdicimus,
734 2129 766 2182 et
785 2119 1007 2204 prohibemus.
1021 2124 1085 2208 Ipsi

72 2224 182 2276 autem
209 2212 429 2296 Inquisitores‚
461 2215 521 2276 seu
543 2212 706 2276 Ordinarii
734 2215 889 2294 locorum,
913 2225 1085 2294 antequam

71 2306 260 2393 hujusmodi
283 2307 445 2370 licentiam
467 2318 499 2370 et
524 2307 707 2371 facultatem
730 2303 919 2386 concedant,
947 2309 1085 2374 Missalia

71 2403 110 2464 ab
133 2403 213 2486 ipsis
230 2402 437 2487 typographis
453 2401 679 2487 imprimenda,
698 2410 731 2464 et
746 2411 914 2486 postquam
930 2401 1084 2488 impressa

70 2497 204 2578 fuerint,
228 2519 302 2560 eum
324 2497 386 2558 hoc
409 2498 539 2578 Missali,
564 2498 752 2561 auctoritate
776 2507 883 2561 nostra
904 2501 1081 2583 recognito,

71 2591 317 2678 diligentissime
342 2591 519 2670 conferant,
545 2613 605 2655 nec
631 2592 664 2654 in
693 2591 755 2654 illis
781 2590 904 2677 aliquid
927 2591 1003 2654 addi
1029 2597 1083 2657 vel
1177 2585 1180 2592 ’

72 2687 175 2749 minui
204 2685 401 2770 permittant.
429 2688 466 2750 ln
493 2687 561 2770 ipse
587 2707 663 2750 vero
689 2685 819 2749 licentia
840 2685 987 2770 originali
1003 2688 1083 2751 obti-

72 2781 190 2862 nenda,
206 2780 247 2844 de
270 2782 440 2844 collatione
464 2780 559 2862 faeta,
577 2791 609 2843 et
624 2779 711 2868 quod
727 2781 857 2843 omnino
873 2779 1079 2858 concordent,

71 2898 167 2942 manu
184 2878 316 2962 propria
326 2887 533 2956 attestentur,
551 2875 643 2960 cujus
656 2874 792 2938 licentiae
807 2874 899 2957 eopia
912 2874 1014 2952 initio,
1030 2878 1080 2939 vel
1147 2947 1153 2959 ι

72 2969 103 3032 in
124 2970 189 3034 fine
214 2971 371 3056 cujusque
394 2969 528 3032 Missalis
552 2990 679 3052 semper
700 2968 916 3052 imprimatur.
935 2967 1028 3048 Quod
1056 2971 1080 3034 si

72 3065 316 3140 seeuslcoerint,
331 3063 538 3147 lnquisitores
551 3060 739 3146 privationis
748 3082 878 3123 suorum
892 3061 1080 3146 officiorum,

73 3179 106 3220 ae
121 3159 332 3222 inhabilitatis
347 3157 387 3220 ad
404 3158 506 3239 illa,ct
522 3158 584 3220 alia
597 3157 806 3241 inposterum
822 3151 1010 3218 obtinenda:
1021 3156 1082 3220 Or-

73 3249 188 3314 dinarii
206 3263 312 3336 antem
336 3253 479 3315 locorum
496 3251 713 3335 suspensionis
737 3272 755 3312 a
771 3248 906 3329 Divinis,
924 3271 961 3313 ac
988 3251 1083 3313 inter·

73 3341 145 3406 dieti
163 3345 207 3407 ab
224 3347 367 3430 ingressu
384 3345 544 3407 ecclesiae:
564 3364 674 3406 eorum
697 3363 775 3406 vero
790 3342 910 3407 Vicarii
926 3343 1081 3426 privatio-

72 3439 117 3500 nis
132 3441 280 3503 similiter
295 3441 484 3518 officiorum,
503 3449 534 3502 ct
546 3439 774 3502 beneficiorum
785 3458 927 3518 suorum,
942 3447 973 3499 et
988 3438 1081 3502 inha-

73 3533 203 3598 bilitatis
219 3533 259 3598 ad
275 3537 341 3613 illa,
352 3544 383 3597 et
396 3535 456 3597 alia
473 3535 504 3597 in
522 3543 684 3618 posterum
701 3531 888 3612 obtinenda,
901 3554 938 3595 ac
950 3532 1080 3616 insuper

73 3631 420 3710 excommunicationis,
437 3629 558 3715 absque
580 3630 642 3692 alia
659 3626 886 3707 declaratione,
904 3647 1013 3710 poerras
1030 3627 1080 3688 in-

75 3735 202 3787 currant
216 3746 253 3788 co
277 3726 358 3806 ipso.
376 3724 523 3788 Ceterum
547 3743 725 3808 pauperum
742 3720 960 3800 ecclesiarum,
979 3718 1080 3782 Cleri-

74 3837 193 3898 eorum,
212 3832 244 3882 et
258 3841 467 3903 personarum
484 3817 783 3891 ecclesiasticarum,
808 3834 844 3876 ac
867 3812 1080 3897 typographo·

75 3931 141 3976 rum
163 3923 196 3975 et
222 3912 472 3998 bibliopolarum
488 3929 766 3998 quorumcumque
792 3906 1012 3971 indemnitatis
1039 3929 1079 3970 ex

73 4002 267 4090 benignitate
282 4006 454 4091 apostolica
470 4006 625 4068 rationem
643 4005 810 4078 habentes,
829 4000 948 4092 eisdem
967 4002 1077 4064 Missa-

75 4097 114 4160 lia
128 4099 282 4165 hactenus
296 4105 447 4186 impressa
460 4097 600 4182 penes'sc
615 4095 819 4176 habentibus,
833 4105 913 4158 ntea
924 4096 1074 4176 retinere,
