2754 4740
314 164 379 228 180
596 177 685 220 uirus
709 179 899 221 caeannssur
923 178 1049 220 nissen.

312 282 436 350 Deinde
449 282 613 346 celebrans
623 289 708 343 stans
715 280 838 364 J'unctis
850 278 998 343 manibus
1010 278 1090 364 legit
1100 276 1319 360 Antiphonem,

311 399 385 466 quse
401 375 518 440 dicitur
536 371 734 438 Cosrrmunio:
748 376 915 460 qualeota,
925 373 1046 458 junctis
1059 370 1169 436 itidem
1177 368 1322 432 manibus

309 483 387 538 ante
413 481 536 556 pectus,
567 467 655 534 vadit
683 466 724 532 ad
740 467 883 533 medium
915 469 1036 550 altaris,
1065 477 1098 530 ot
1123 488 1160 530 eo
1186 464 1322 528 osculatu

314 568 410 632 vortit
426 587 460 630 se
481 563 522 627 ad
543 564 698 650 populum
720 587 739 628 a
759 585 857 628 manu
877 564 1004 628 sinistra
1034 561 1076 626 ad
1105 559 1266 636 dextram,
1295 567 1322 619 et

309 661 392 724 dicit
406 660 559 722 Dominus
574 657 740 740 uobiscum,
762 669 793 723 ot
813 679 870 744 por
893 656 1040 722 eamdem
1068 657 1154 721 iiam
1178 652 1266 718 redit
1288 650 1322 716 ad

315 757 445 836 librum,
462 751 540 817 dicit
554 751 719 818 Orationes
731 767 803 838 post
813 753 1077 831 Communionem,
1089 749 1213 814 eisdem
1221 746 1322 823 modo,

315 870 462 928 numero,
480 857 512 911 ot
527 846 652 929 ordine,
671 857 707 912 ut
722 869 817 934 supra
830 847 922 912 diotae
938 859 1011 912 sunt
1027 846 1187 911 Collootae.
1207 842 1324 925 Quibus

312 945 424 1022 finitis,
443 939 564 1006 claudit
578 942 709 1024 librum,
726 953 758 1007 et
766 943 909 1028 jungens
925 963 1039 1006 manus
1055 951 1128 1005 ante
1142 948 1267 1024 pectus,
1283 957 1325 997 rs-

318 1039 453 1103 vertitur
468 1033 508 1100 ad
522 1034 666 1100 medium
682 1037 801 1120 altaris,
819 1038 889 1116 ubi,
906 1058 944 1101 eo
961 1039 1117 1116 osculato,
1132 1033 1233 1099 vertit
1248 1053 1279 1094 se
1291 1028 1324 1092 ad

315 1133 483 1218 populum,
516 1141 548 1194 et
576 1128 666 1212 dicit,
692 1141 728 1195 ut
758 1153 867 1217 supra,
885 1134 1039 1196 Dominus
1065 1130 1237 1194 uobiscum.
1263 1126 1325 1205 Quo

315 1227 414 1308 dicto,
429 1237 514 1289 stans
525 1224 647 1310 junctis
662 1227 811 1290 manibus
823 1237 897 1292 anto
909 1236 1021 1312 pectus
1037 1246 1151 1291 versus
1164 1222 1325 1328 populum,

311 1322 405 1404 dicit,
423 1343 448 1385 s1
440 1318 634 1385 'dicendum
650 1331 709 1399 est,
725 1324 770 1386 Ito
785 1325 882 1387 Missa
897 1335 952 1404 est,
968 1333 1000 1386 et
1011 1343 1070 1407 per
1086 1316 1279 1384 eamdem'
1250 1335 1325 1378 iram

314 1417 489 1482 revertitur
511 1413 552 1480 ad
568 1417 679 1480 altare.
708 1417 741 1480 Si
768 1438 847 1482 vero
874 1439 938 1481 non
964 1417 1004 1480 sit
1032 1411 1224 1488 dicendum,
1250 1406 1326 1471 dicto

316 1513 469 1574 Dominus
483 1508 648 1589 vobiscum,
667 1512 842 1576 revertitur
866 1511 980 1576 eodem
997 1508 1095 1574 modo
1110 1529 1170 1594 per
1184 1502 1325 1570 camdem

317 1606 403 1669 viam
415 1602 454 1666 ad
480 1602 623 1667 medium
638 1605 757 1688 altaris,
785 1607 839 1671 ubi
856 1617 941 1671 stans
959 1625 1071 1668 versus
1085 1601 1126 1666 ad
1142 1597 1268 1680 illud,'
1254 1617 1326 1683 Juu-
1366 1665 1367 1684 ,

315 1700 375 1765 ctis
398 1710 472 1764 ante
491 1709 602 1783 pectus
625 1700 786 1782 manibus,
803 1699 881 1766 dicit
894 1700 1116 1765 Benedieumus
1132 1696 1279 1759 Domino.
1295 1691 1325 1751 lu
1366 1739 1367 1798 ,

317 1795 419 1859 Missis
443 1804 551 1857 autem
579 1792 812 1859 Defunctorum
843 1794 957 1860 eodem
987 1791 1082 1856 modo
1107 1802 1195 1854 stans
1224 1803 1327 1850 versus

314 1891 429 1971 altaro,
443 1886 522 1951 dicit
536 1889 768 1973 Requiesonnt
754 1911 789 1952 m
809 1911 896 1974 poce.

361 1985 394 2046 ἢ.
419 1984 456 2045 ln
479 1979 733 2067 Quadragesima
749 1993 856 2047 autem
887 2006 905 2047 a
930 1983 1010 2047 feria
1027 1991 1142 2068 quarta
1166 1977 1325 2045 Ciuerum,

318 2073 477 2160 usquead
494 2075 607 2139 seriam
624 2086 770 2161 quartam
787 2077 916 2164 Majoris
928 2072 1189 2155 Hebdomada,
1181 2094 1216 2136 ru
1232 2065 1326 2133 feriali

286 2245 288 2249 ⁸
314 2169 433 2234 Officio
460 2179 629 2255 postquam
644 2171 810 2234 celebrans
826 2170 906 2236 dixit
922 2171 1089 2236 Orationes
1104 2177 1175 2254 post
1187 2167 1328 2231 Commu·

317 2266 448 2329 nionem
471 2286 545 2328 cum
568 2265 632 2327 suis
648 2266 747 2329 solitis
773 2266 1042 2345 conclusionibus,
1060 2275 1238 2350 antequam
1252 2258 1327 2320 dieat

317 2362 472 2424 Dominus
484 2358 648 2438 uobiscum,
666 2368 751 2423 stans
767 2361 799 2423 in
816 2358 930 2424 eodem
940 2362 1010 2424 loco
1022 2369 1096 2423 ante
1109 2359 1234 2422 librum
1261 2351 1327 2414 dicit

323 2454 468 2533 Oramus,
497 2452 669 2517 Humiliute
684 2457 786 2538 eapite
801 2466 901 2519 uestro
916 2457 992 2534 Deo,
1012 2463 1108 2539 caput
1122 2454 1282 2517 inclinans
1303 2455 1328 2506 et

316 2549 459 2614 extensis
474 2547 623 2612 manibus
639 2548 806 2635 subjungit
820 2549 932 2613 eadem
949 2571 1028 2615 voce
1047 2548 1229 2615 Orationem
1247 2561 1329 2626 stipor

317 2643 470 2728 populum
485 2640 607 2707 ibidem
622 2643 757 2726 positam
772 2666 780 2706 t
799 2665 862 2729 qua
875 2643 978 2722 finita,
994 2646 1157 2708 oseulatur
1172 2644 1285 2719 altare,
1305 2644 1330 2696 et

321 2749 449 2806 vertens
465 2757 499 2800 se
515 2733 555 2798 ad
571 2737 725 2819 populum
750 2735 828 2801 dicit
847 2739 1000 2802 Dominus
1023 2737 1189 2815 vobiscum,
1224 2745 1256 2798 et
1277 2732 1329 2794 aba

318 2845 475 2917 utsupra

368 2929 400 2991 5
426 2928 463 2989 In
483 2927 577 2990 Missa
600 2925 733 2988 solemni
758 2921 989 2990 diaconusl
932 2925 989 2990 dcl
989 2936 1036 2990 ert
1060 2892 1179 2988 librum
1206 2918 1330 2986 Missalis

324 3022 367 3085 ad
382 3041 482 3085 cornu
504 3020 662 3104 Epistola,
679 3016 797 3083 deinde
808 3018 898 3084 vadit
910 3031 997 3084 retro
1012 3028 1083 3104 post
1093 3018 1328 3082 celebrantem:

321 3113 541 3180 subdiaconus
556 3134 634 3178 vero
646 3110 735 3176 vadit
751 3111 791 3176 ad
804 3136 905 3179 cornu
925 3113 1104 3200 Evangelii,
1121 3113 1178 3177 ubi
1200 3109 1330 3175 Calicem

327 3207 473 3289 mundat,
491 3219 578 3295 aptat
594 3230 666 3273 cum
681 3208 914 3293 Purificatorio,
933 3211 1051 3274 Patena
1070 3217 1101 3271 et
1116 3209 1208 3272 Palla
1223 3221 1330 3286 coope-

329 3308 380 3382 rit,
402 3303 499 3389 plicat
522 3302 705 3388 Corporale,
729 3305 855 3388 reponit
871 3306 903 3369 in
918 3307 1066 3384 Bursam,
1083 3313 1116 3367 et
1137 3303 1227 3366 illam
1253 3294 1331 3383 pouit

322 3420 423 3484 super
437 3397 575 3461 Calicem
599 3407 785 3482 coopertum
809 3401 902 3481 Volo,
919 3421 1015 3486 quern
1032 3399 1190 3463 collocat'
1183 3418 1216 3460 m
1236 3389 1365 3490 altari

328 3495 379 3559 vel
406 3513 502 3576 super
526 3489 701 3574 credentia,
729 3503 765 3557 ut
792 3494 903 3580 prius:
929 3504 1037 3581 postea
1060 3489 1146 3556 redit
1166 3490 1207 3555 ad
1235 3453 1365 3552 locum

322 3607 421 3650 suum
428 3594 513 3648 retro
522 3594 592 3668 post
603 3583 935 3672 draconum,qu1,cum
944 3585 1021 3651 diost
1030 3589 1076 3649 lte
1086 3587 1185 3649 Missa
1196 3595 1251 3663 est,
1267 3597 1330 3643 eum

323 3678 510 3744 celebrante
532 3679 630 3742 vertit
645 3701 679 3743 se
702 3679 743 3745 ad
765 3683 941 3767 populum.
970 3691 1002 3744 et
1028 3682 1060 3743 in
1087 3675 1331 3778 Quadragssima

324 3773 415 3837 dicto
432 3793 490 3856 per
512 3773 728 3840 celebrantem
758 3774 901 3858 Oramus,
927 3774 1105 3864 diaconus'
1097 3795 1130 3837 sn
1146 3793 1248 3836 cornu
1269 3765 1330 3851 Epi·

324 3867 417 3928 stola
433 3874 560 3928 vertens
584 3888 617 3929 se
646 3868 687 3932 ad
713 3871 881 3956 populum,
901 3871 1024 3955 J‘unctis
1047 3869 1196 3934 manibus
1212 3865 1331 3930 dicitut

324 3981 438 4044 supra,
456 3959 638 4044 Humiliote,
652 3975 707 4028 eto.
726 3966 797 4046 Quo
813 3963 912 4047 dicto,
931 3967 1028 4030 vertit
1042 3987 1075 4030 se
1088 3986 1200 4029 versus
1214 3965 1328 4027 altares

331 4065 428 4213 tergo¹
445 4053 648 4135 celebrantis,
678 4069 710 4123 ot
733 4060 899 4124 celebrans
929 4060 1008 4124 dicit
1039 4060 1216 4124 orationem
1246 4073 1330 4139 super

328 4171 416 4234 popu
432 4171 497 4214 um.
