2806 4736
380 272 412 312 rn
436 270 587 314 nuunrcss
609 269 758 313 urssnms.
1035 252 1078 314 75

103 375 143 439 R.
160 376 196 438 ln
210 395 248 439 eo
261 395 337 438 casu
347 373 505 439 cantanda
520 385 567 440 est
579 373 673 439 Missa
684 372 797 439 Officio
808 373 992 458 conformis,
1003 397 1076 440 cum

58 466 280 553 Orationibus,
312 468 433 552 Gloria,
453 469 564 552 Credo,
594 479 656 534 cte.
674 477 770 554 prout
784 468 880 532 Misso
894 468 949 532 ille
965 470 1075 556 exigit,

66 583 132 626 eum
165 566 227 630 hae
259 575 366 628 lamen
395 551 579 629 'differentia
610 561 697 649 quod
735 561 880 626 Orationi
908 563 1078 647 principali

64 654 157 741 hujus
168 659 271 722 Missee
287 655 436 722 addenda
452 658 492 722 sit
516 679 574 743 par
589 654 722 720 modum
738 657 846 736 unius,
864 677 920 720 seu
937 656 997 720 sub
1011 678 1077 720 unu

66 753 278 830 conclusione,
295 752 405 817 Oratio
422 754 524 817 Missae
539 752 685 835 Votivae3
703 760 735 816 ct
750 750 795 814 sic
810 751 904 814 Missa
921 751 985 814 diei
1002 772 1077 815 cur-

65 846 159 908 rentis
174 847 379 912 substituitur
391 848 529 915 Votivae.

104 955 224 1035 Quaesl.
242 957 318 1020 151.
335 957 389 1020 An
399 969 514 1042 preter
525 957 557 1024 V
557 959 655 1021 olivus
663 959 722 1042 p'ro
737 976 770 1019 re
780 957 882 1040 oraui,
896 955 944 1018 vel
952 956 1078 1040 publicu

65 1049 203 1114 Ecclesioe
217 1073 309 1116 caasa
325 1075 345 1116 a
361 1055 520 1138 superiore
531 1055 742 1138 praescriptas,
759 1050 831 1114 alioe
850 1049 999 1116 solemnes
1014 1073 1077 1116 non

63 1145 310 1226 pernrittuntur?
379 1168 383 1175 ·

104 1258 145 1322 lt.
156 1259 368 1343 Affirmative;
383 1262 462 1326 tales
476 1270 550 1325 sunt
561 1259 663 1324 Missae
674 1259 810 1342 Votivae,
824 1279 903 1346 quas
919 1258 1076 1322 celebrari

65 1353 249 1434 permittunt
273 1355 424 1420 Rubricae
451 1354 597 1437 Missalis‚
621 1354 683 1418 Tit.
701 1354 757 1437 Vl,
775 1353 816 1417 de
841 1354 934 1416 Festo
955 1352 1075 1416 tranie-

65 1444 177 1530 rendo;
193 1450 317 1516 Votivae
333 1461 471 1538 quatuor
481 1453 659 1532 Festorum,
671 1470 808 1536 quorum
825 1448 1016 1512 Solemnites
1029 1457 1077 1512 est

65 1541 281 1608 transferenda
308 1546 340 1609 in
355 1545 567 1627 Dominicam,
580 1543 676 1631 juxta
701 1541 866 1608 decretum
894 1540 990 1609 Card.
1015 1543 1076 1606 Ce—
1183 1619 1186 1625 ,

65 1655 164 1719 prere,
176 1639 276 1722 18023
286 1641 410 1708 Votivae
422 1663 494 1727 quae
506 1641 711 1705 celebrantur
722 1649 866 1724 tempore
879 1660 1010 1724 precum
1020 1639 1075 1702 XL

65 1727 232 1816 horarum3
251 1734 345 1799 Missa
361 1757 468 1818 aurea,
483 1756 554 1820 quae
570 1756 610 1797 cx
622 1732 871 1797 immemorabili
900 1741 1073 1796 consuetu-

66 1821 135 1886 dine
150 1828 334 1893 celebretur
353 1829 443 1894 Furia
463 1829 508 1894 lv
523 1830 669 1910 Quotuor
684 1829 875 1911 Temporum
892 1824 1074 1910 Adventus,

66 1926 122 1981 etc.
146 1919 295 1986 Attamen
315 1925 365 1988 hae
389 1932 421 1985 et
441 1923 510 2006 uliae
542 1921 666 1989 Votivee
689 1920 847 1983 solemnes
874 1917 988 1981 cadem
1009 1940 1073 1982 non
1122 1954 1123 1957 κ

65 2011 178 2078 habent
188 2018 369 2104 privilegia,
383 2017 499 2104 quibus
513 2015 656 2103 gaudent
665 2015 790 2081 Votivee
802 2035 906 2098 prore
919 2015 1009 2100 gravi
1021 2015 1073 2079 vel

66 2107 186 2188 publica
201 2113 349 2176 Ecclesiae
365 2133 470 2194 eausa,
488 2111 664 2197 praesertim
679 2107 787 2197 quoad
803 2109 871 2173 dies
888 2111 1005 2196 quibus
1017 2132 1070 2174 ee-

10 2271 11 2274 ,
66 2201 175 2268 lebrari
188 2209 433 2291 permittuntur3
443 2206 516 2270 ideo
531 2204 609 2293 quid
622 2227 679 2291 pro
691 2205 825 2292 singulis
836 2205 876 2268 sit
887 2226 1073 2269 concessum

65 2295 140 2360 bene
155 2313 202 2366 cst
215 2301 461 2369 advertendum.
479 2302 692 2366 Consolantur
710 2309 857 2365 auctores
871 2321 948 2392 casu
960 2321 1073 2365 occur-

66 2403 160 2458 rente.

106 2495 221 2576 Quaest.
239 2503 314 2565 teo.
332 2504 370 2564 In
386 2500 496 2587 quibos
522 2498 642 2562 casibus
662 2499 813 2582 permittit
831 2495 984 2579 Rtrbrdea,
1008 2499 1059 2562 Tit
1149 2561 1151 2564 ,

68 2587 98 2648 V
97 2592 122 2668 l,
138 2605 170 2658 ut
182 2589 321 2660 cantetur
336 2598 370 2662 V
368 2600 450 2660 otico
462 2597 497 2658 de
511 2597 598 2658 Festo
616 2589 860 2680 transferendo?

105 2688 143 2751 R.
161 2691 205 2753 1⁰.
224 2691 360 2772 Quando
371 2694 500 2755 Festum
515 2689 611 2753 Tituli
634 2709 691 2751 seu
705 2687 835 2750 Petroni
854 2685 990 2773 alieuj'us
1011 2689 1071 2751 Ec·
1116 2737 1117 2740 η

64 2781 158 2846 clesiae
171 2786 428 2851 transferendum
444 2796 491 2850 ost
505 2785 546 2849 ob
562 2804 730 2848 occursum
744 2781 830 2844 Festi
852 2783 904 2844 vel
925 2781 1071 2845 Domini-

66 2895 106 2937 oae
121 2887 194 2957 cto,
207 2903 278 2967 quae
294 2883 353 2967 ipsi
373 2881 597 2967 praeicruntur.

106 2988 148 3052 2⁰.
165 2991 301 3072 Quando
313 2990 636 3077 transferendumest,
646 2987 759 3053 eadem
774 2986 814 3054 de
827 3010 933 3071 causa,
942 2991 1071 3056 Festum

65 3080 187 3166 aliquod
204 3085 236 3148 in
250 3087 391 3151 Ecclesia
403 3086 460 3150 ubi
476 3097 522 3149 est
537 3105 710 3149 concursus
727 3083 1001 3150 extraordinarius
1018 3109 1071 3172 po·

66 3176 127 3255 puli
146 3175 187 3239 ad
204 3179 331 3243 Festum
355 3177 440 3244 istud
459 3176 701 3243 celebrandum.

105 3285 139 3348 ln
157 3299 293 3376 utroque
318 3313 392 3354 casu
409 3300 541 3375 possunt
563 3290 684 3354 cantari
707 3288 778 3354 duae
802 3292 914 3375 Missae,
943 3315 1005 3358 una
1030 3293 1071 3358 de

67 3372 125 3458 dic,
141 3382 200 3444 alie
218 3384 332 3449 Votiva
348 3386 498 3448 solemnis
510 3382 550 3448 dc
561 3386 654 3448 Festo
670 3385 904 3449 transferendo.
919 3388 1070 3468 Quinimo

67 3469 96 3532 in
110 3474 255 3541 Ecclesiis
272 3480 327 3543 ubi
344 3491 466 3543 nonest
489 3479 643 3566 obligatio
668 3480 818 3545 cantandi
834 3482 978 3568 quotidie
994 3485 1071 3547 Mis·

66 3585 138 3650 sam,
156 3573 258 3656 qualis
273 3584 320 3638 est
343 3576 376 3637 in
395 3575 544 3640 Ecclesiis
569 3572 808 3640 cathedralibus
824 3585 856 3639 ct
881 3577 1068 3664 collegiatis

67 3661 173 3729 sufficit
192 3677 228 3731 ut
243 3671 310 3732 sola
326 3669 443 3736 Votiva
458 3679 616 3734 cantetur.

106 3772 311 3862 Excipiuutur
327 3790 432 3844 tamen
448 3779 516 3844 dies
529 3791 699 3868 sequentes
711 3782 743 3846 in
757 3785 875 3869 quibus
890 3785 1071 3850 nullatenus

69 3863 176 3935 Votiva
191 3874 258 3939 haec
269 3877 424 3941 celebrari
436 3887 557 3962 potest:
573 3878 740 3941 Dominica
753 3881 768 3941 1
786 3877 964 3958 Adventus,
979 3880 1071 3944 Feriu

68 3961 109 4028 lt
119 3964 277 4054 Cinerum,
291 3973 459 4036 Dominice
488 3974 502 4035 1
528 3971 800 4060 Quadragesimae,
816 3976 983 4039 Dominiea
1001 3978 1072 4039 Pel·

68 4077 195 4143 marum,
221 4065 432 4132 Hebdomade
449 4067 563 4153 major,
588 4069 1023 4135 DominicaRcsurrectionis
1039 4079 1072 4134 ct

68 4150 442 4228 DominicaPentecostes
464 4186 536 4227 oum
565 4162 690 4229 duobus
719 4166 820 4230 Feriis
850 4167 1069 4253 sequentibus,
1118 4247 1120 4251 ,

151 4269 232 4308 ourasr.
250 4274 272 4307 nr
289 4276 341 4308 nou.
917 4270 936 4330 7
1067 4291 1070 4295 ·
