2780 4726
337 246 423 287 nrrus
447 245 637 290 ceeaananor
661 249 788 291 mssan.
1009 227 1073 289 169

64 353 173 434 sentia,
203 353 345 413 ineensat
368 346 501 411 Crucem
523 360 556 414 et
575 352 686 432 altare,
704 361 740 416 ut
755 349 878 416 dietum
895 360 942 414 est
964 371 1071 434 supra,

66 448 226 510 assistente
239 441 352 508 eodem
367 440 514 520 diacono,
529 444 657 508 interim
670 443 798 510 dicens:
813 447 990 530 Diripotur,
1008 445 1073 507 Do-

65 545 151 624 mine,
171 542 270 604 oratio
285 559 363 618 meo,
378 548 445 616 ate,
470 547 500 600 et
516 560 588 603 curn
605 540 788 605 incensatur
805 541 902 621 Crux,
920 537 1074 602 diaeonus

65 646 188 701 amovet
204 635 341 699 Calicem
364 632 404 695 ad
419 642 544 718 partem
559 635 721 719 Epistolae,
739 646 770 700 et
790 636 950 700 incensato
974 631 1074 697 Cruoe

66 731 188 815 reponit
216 731 248 792 in
274 730 345 792 loeo
369 748 440 791 suo.
469 725 548 791 Cum
573 726 681 793 reddit
709 730 910 794 thuribulum
926 726 1073 808 diacono,

66 823 156 889 dicit:
172 822 329 887 Ascendet
344 826 376 884 in
392 821 489 904 nobis,
502 833 572 905 ete,
587 833 619 886 et
630 823 814 888 incensatur
830 823 871 887 ab
887 844 943 886 eo:
957 818 1075 884 deinde

65 918 214 983 diaeonus
241 919 382 980 incensat
410 917 562 1001 Chorum,
592 929 623 982 et
655 928 817 1003 postremo
843 915 1075 982 subdiaconum

67 1023 225 1077 tenentem
241 1013 417 1075 Patenam:
436 1021 468 1075 et
483 1013 550 1096 ipsc
570 1011 724 1077 diaconos
741 1015 924 1078 incensatur
938 1031 956 1072 a
971 1010 1076 1073 thuri·

66 1108 192 1188 serario,
210 1117 242 1170 ot
258 1106 480 1169 thuriferarius
496 1117 605 1191 postea
620 1109 763 1172 incensat
792 1106 956 1193 acolythos
976 1115 1008 1167 et
1022 1125 1077 1188 po·

67 1203 189 1284 pulum.
205 1199 389 1277 Celebrans,
406 1209 574 1285 postquam
589 1203 769 1268 incensatus
783 1203 892 1282 luerit,
906 1202 992 1263 lavat
1007 1220 1076 1262 ma·

67 1318 134 1374 nus,
152 1296 405 1360 ministrantibus
421 1296 575 1382 acolythis
591 1298 764 1384 ampullam
781 1319 871 1386 aquae
886 1315 959 1360 eum
974 1294 1078 1379 pelvi·

66 1393 132 1454 cula
149 1400 181 1454 et
196 1392 409 1476 manutergio.

107 1487 160 1548 ll.
187 1485 267 1548 Cum
294 1483 412 1549 dicitur
437 1487 602 1572 Proefotim
630 1484 783 1550 diaconus
808 1497 840 1549 et
864 1484 1079 1551 subdiaconus

64 1590 143 1644 stant
159 1590 245 1643 retro
261 1590 332 1664 post
347 1581 584 1658 celebrantem,
605 1589 636 1643 et
649 1583 745 1664 paulo
762 1591 934 1676 antequam
953 1578 1080 1643 dicatur

64 1675 203 1754 Sanetus,
231 1671 389 1738 accedunt
414 1673 453 1738 ad
481 1677 593 1752 altare,
623 1674 679 1738 uhi
704 1695 777 1738 eum
795 1673 979 1737 eelebrente
1002 1673 1079 1736 hinc

66 1765 137 1833 inde
153 1766 264 1832 dIcunt
280 1768 423 1850 Sanetus,
453 1779 485 1832 et
511 1791 583 1855 quae
606 1777 787 1854 sequuntur
806 1763 964 1852 usquead
982 1765 1079 1831 Cono-

65 1889 142 1931 nem.
160 1864 283 1930 Deinde
299 1865 453 1930 diaeonus
464 1866 590 1932 aceedit
602 1865 642 1930 ad
655 1867 816 1936 sinistram
832 1865 1034 1944 celebrantis,
1049 1865 1078 1926 ei

67 1962 210 2025 assistens
226 1957 304 2023 dum
320 1958 438 2024 dicitur
455 1959 574 2045 Canon,
599 1962 659 2025 nisi
680 1962 760 2024 alius
777 1960 925 2024 sacerdos
941 1959 1075 2037 assistat,

64 2055 222 2137 quietuno
237 2055 304 2138 ipse
314 2063 412 2117 staret
426 2053 468 2117 ad
482 2053 629 2119 dextram
641 2057 876 2140 aliquantulum
899 2063 970 2138 post
990 2054 1076 2116 eele-

68 2145 223 2212 brantem.
241 2145 463 2212 Subdiaoonus
475 2171 553 2214 vero
567 2160 643 2214 tune
658 2159 719 2212 stat
734 2159 805 2233 post
821 2149 1051 2212 celebrantem.

122 2390 232 2465 VIII.
252 2391 308 2464 De
327 2388 473 2465 Conone
491 2389 621 2464 Massa
637 2411 752 2487 arque
769 2391 818 2464 od
837 2386 1035 2462 Consecra-

496 2512 644 2583 tionem.

114 2788 144 2848 1.
168 2785 272 2848 Finita
297 2785 500 2866 Praelatione,
521 2794 558 2848 ut
585 2807 691 2869 supra,
718 2784 865 2848 sacerdos
894 2794 980 2847 stans
1006 2793 1079 2847 ante

73 2878 212 2942 medium
230 2879 350 2959 altaris,
375 2900 487 2943 versus
517 2877 557 2942 ad
584 2877 678 2960 illud,
709 2879 944 2965 aliquantulum
977 2880 1082 2942 elevat

73 2995 194 3056 manus,
214 2973 379 3058 oculisque
395 2975 526 3038 clevatis
542 2973 582 3036 ad
602 2975 717 3056 Deum,
733 2983 765 3036 et
781 2973 849 3036 sine
864 2995 954 3038 mora
965 2971 1081 3037 devote

74 3068 226 3147 demissis,
249 3090 286 3131 ae
301 3068 449 3132 manibus
457 3068 591 3153 junctis,
609 3078 641 3132 et
654 3090 751 3152 super
760 3070 860 3132 altare
876 3069 997 3153 positis,
1011 3090 1082 3152 pro·

75 3162 170 3226 funde
185 3163 354 3226 inclinatus
366 3163 478 3248 incipit
492 3163 667 3244 Cononem,
683 3172 806 3228 secreto
819 3161 946 3226 dicens:
966 3165 1006 3227 Te
1021 3166 1082 3246 tpi-

77 3267 137 3335 tor,
151 3268 220 3333 cte,
238 3255 321 3318 utin
338 3255 450 3320 ordine
463 3258 577 3322 Missae.
593 3258 672 3322 Cum
689 3256 767 3320 dicit
780 3261 828 3321 oti
842 3269 962 3340 occepta
974 3256 1082 3320 habeus

76 3361 103 3413 ct
113 3349 277 3426 benedicas,
299 3361 366 3426 ete„
382 3352 470 3434 prius
486 3352 647 3416 oseulatur
663 3354 762 3416 altare
778 3353 811 3414 in
826 3349 947 3429 medio,
965 3349 1083 3414 deinde

45 3459 46 3462 ’
78 3447 168 3530 erigit
181 3467 227 3522 se,
246 3455 277 3507 et
292 3455 352 3508 stat
363 3445 484 3530 junctis
506 3446 655 3510 manibus
680 3456 754 3510 ante
770 3455 894 3530 pectus.
912 3443 990 3508 Cum
1007 3442 1084 3507 dicit

79 3539 136 3601 hee
150 3539 281 3622 ΙΗοπα,
299 3539 540 3624 hermannno,
558 3541 619 3604 haee
634 3554 738 3604 sancto
750 3543 776 3626 †
788 3539 960 3624 Sacrificio,
972 3538 1084 3601 dextra

78 3654 171 3696 manu
190 3635 295 3720 signat
307 3645 356 3699 ter
371 3636 585 3701 communiter
598 3657 696 3719 super
713 3637 867 3716 Hostiam,
878 3644 910 3698 et
932 3632 1082 3696 Calicem.

79 3726 196 3790 Deinde
219 3730 357 3794 extensis
384 3731 532 3794 manibus
554 3741 627 3794 ante
649 3741 771 3814 pectus,
799 3728 1021 3815 prosequitur:
1053 3730 1085 3788 ira

78 3824 183 3902 primis
198 3844 266 3908 quc
281 3825 337 3888 tihi
350 3827 519 3910 offerirnus,
538 3837 592 3890 ete.
1074 3825 1077 3832 ’

120 3917 151 3980 2.
173 3916 236 3980 Ubi
254 3916 331 3983 dicit
355 3942 419 3982 aaa
433 3942 501 3983 cum
519 3920 639 4006 samolo
654 3931 706 3987 tuo
721 3921 813 4004 Papa
827 3929 931 3984 nostro
958 3918 1013 3996 Ν.,
1031 3939 1087 3979 ex·

83 4009 184 4090 primit
201 4031 318 4074 nomen
345 4017 459 4098 Papae:
486 4013 570 4078 Sede
585 4025 692 4079 autem
718 4025 861 4096 vaeante,
884 4014 983 4078 verba
1008 4032 1087 4095 prae-

82 4101 162 4168 dicta
176 4105 381 4172 omittuntur.
398 4109 460 4173 Ubi
477 4107 595 4174 dieitur
609 4122 636 4173 et
653 4111 803 4174 Antistite
816 4122 920 4173 nostro
936 4110 990 4185 It,
1016 4125 1088 4188 spe·

165 4236 257 4276 errrsr.
269 4237 291 4270 rr
302 4237 354 4270 non.
871 4208 912 4271 15
