2806 4736
425 283 459 325 nr
472 279 625 344 susurras
639 279 789 323 russeus.
1074 262 1115 326 85
1224 342 1226 347 ,

176 461 209 554 ξ.
231 461 267 532 t.
282 458 338 533 De
351 451 477 529 Missis
503 452 730 546 quotidianis
746 449 1028 540 Destructorara.

321 658 440 744 (Rubr.
459 675 547 742 spec.
564 664 597 718 et
613 654 648 717 S.
665 655 707 718 R.
725 652 761 716 C.
779 650 898 755 doen).

137 852 258 936 Queat.
274 851 348 917 156.
377 847 464 929 Quid
483 844 672 932 intollipitar
695 864 754 928 por
769 845 886 912 Mittas
912 848 1116 934 quotidianas

93 943 351 1035 Dassaretiorum?

135 1046 179 1110 lt.
200 1041 429 1129 intelliguntur
455 1039 519 1102 illos
546 1011 649 1102 Missae
675 1032 716 1099 de
745 1037 903 1123 Reperiam,
928 1060 999 1126 quae
1030 1042 1117 1105 cele-

94 1139 233 1206 brantur
259 1146 350 1201 extra
376 1133 446 1200 dies
477 1133 637 1198 solemnes
662 1150 720 1195 seu
745 1132 967 1219 privilegiatos
996 1135 1116 1200 Deiun·

95 1244 234 1316 ciorum,
251 1231 374 1296 scilieet
389 1238 479 1296 extra
501 1225 589 1292 diem
611 1224 931 1294 Commemorationis
960 1228 1114 1294 Omnium

94 1325 260 1392 Fidelium
286 1326 544 1406 Defunctum,
574 1319 662 1386 diem
688 1320 828 1402 Obitus,
852 1320 940 1387 diem
970 1325 1114 1402 tertium,

91 1423 282 1508 septimum,
300 1418 504 1530 trigesimum
522 1427 555 1484 et
569 1416 838 1482 anniversarium.
856 1418 923 1482 111ae
938 1417 1043 1484 Missae
1057 1439 1116 1486 vo·

89 1526 210 1582 eantur
221 1519 353 1600 privata
367 1514 494 1579 etiamsi
509 1520 691 1579 cantentur.

137 1611 261 1692 Quaest.
276 1610 352 1674 157.
379 1608 501 1689 Quibus
517 1607 623 1672 dietas
636 1605 867 1690 prohibeatur
854 1619 922 1673 tstoe
932 1569 1073 1674 Missa?

137 1708 182 1772 R.
204 1703 324 1768 Iisdem
339 1702 456 1768 diebus
477 1702 598 1789 quibus
613 1699 828 1786 prohibentur
842 1703 968 1770 Votiuae
983 1705 1116 1789 private

82 1804 222 1890 (quaest.
238 1799 328 1884 115).
347 1800 483 1885 Insuper
498 1798 587 1862 nullu
610 1796 706 1860 Missa
727 1792 769 1859 de
791 1798 938 1883 Reperiam
956 1798 1116 1866 celebrari

90 1907 201 1984 potest
210 1895 253 1960 ad
264 1893 375 1960 Altere
388 1895 422 1958 in
433 1913 499 1980 quo
511 1891 570 1956 SS.
583 1891 826 1956 Sacramentum
837 1892 1020 1976 exponitur,
1031 1903 1074 1974 et,
1089 1897 1115 1960 si
1151 1943 1153 1946 -

90 2003 274 2080 exponatur
285 1990 502 2078 obfpublicam
514 2008 735 2073 causem,v.g.
744 1996 889 2073 tempore
901 1989 1115 2054 orationisXL

89 2091 260 2165 horarum,
276 2085 473 2151 adorationis
488 2091 664 2192 perpetue,
686 2090 765 2146 tune
789 2080 830 2146 ed
858 2081 988 2147 nullum
1002 2082 1114 2150 Altero

90 2185 190 2248 Missa
204 2181 245 2246 de
255 2183 402 2268 Raptorem
416 2177 625 2265 permittitur.
643 2176 713 2240 Non
731 2185 838 2242 tamen
847 2177 1039 2264 prohibetur
1050 2177 1114 2245 dici
1209 2208 1213 2213 ·

90 2299 152 2364 pro
176 2276 343 2341 Defunatis
359 2274 505 2339 Psalmus
530 2271 675 2335 Miserere
701 2271 754 2335 rel
776 2273 823 2336 De
845 2271 1014 2358 profundis
1040 2295 1113 2340 eum

88 2363 269 2431 Versiculis
285 2371 316 2426 et
330 2362 532 2426 Oratione.-

135 2458 257 2538 Quaest.
275 2455 352 2520 158.
381 2455 463 2534 Quot
493 2465 521 2519 et
544 2475 612 2541 paor
631 2450 797 2518 Orationes
812 2451 947 2517 dicanda
976 2465 1051 2518 sant
1079 2458 1113 2517 ia

88 2553 199 2616 Missis
212 2552 345 2635 privatis
360 2545 618 2636 Desaaotoratn?

133 2647 178 2710 R.
204 2646 242 2707 In
253 2645 355 2709 Missis
367 2643 502 2728 priuatis
513 2642 746 2708 Defunctorum
757 2642 945 2706 tressaltem
961 2639 1113 2706 dicuntur

85 2738 262 2804 Orationes
286 2759 325 2801 eo
352 2734 465 2820 ordine
481 2747 578 2822 prout
600 2737 633 2801 in
649 2737 768 2802 Missali
792 2735 954 2800 habentur
969 2735 1002 2799 iu
1017 2737 1111 2800 Missa

84 2833 132 2898 de
148 2833 295 2919 Reperiam
311 2841 425 2918 quarto
439 2833 510 2896 loeo
525 2833 629 2917 posita
638 2856 647 2916 ;
666 2853 803 2919 quarum
819 2830 921 2916 prima
935 2840 1001 2894 est:
1025 2822 1110 2896 Deos

84 2929 148 3014 qai
163 2929 246 2990 inter
259 2925 441 3010 apostolicos
457 2926 628 2990 sacerdotes
642 2948 701 3012 pro
717 2925 884 2990 Defunetis
898 2925 1062 3012 Episcopis
1079 2936 1112 2990 et

1 3063 2 3086 1
84 3023 337 3108 sacerdotibus5
362 3023 521 3088 secunda.
546 3026 631 3090 Dens
647 3028 742 3090 aonia
758 3024 890 3110 larqitor
913 3046 971 3111 pro
989 3026 1108 3090 Defun-

84 3120 151 3185 ctis
163 3118 330 3201 fratribus,
354 3118 544 3205 propinquis
559 3128 592 3182 et
606 3118 886 3201 benefactoribus3
918 3119 1037 3184 tertias·
1054 3122 1109 3184 Fi·

83 3213 208 3293 datiam
223 3235 281 3299 pro
296 3212 447 3277 amnibus
459 3210 626 3277 Fidelibus
640 3213 820 3278 Defunctis.

133 3290 288 3375 Attamen
310 3305 451 3372 secunda
477 3307 587 3372 Oratio
607 3306 817 3394 aliquando
808 3329 842 3371 rn
868 3308 964 3371 aliam
991 3311 1109 3373 mutari

85 3414 198 3491 potest
213 3401 447 3468 desumendum
462 3425 502 3468 ex
521 3404 729 3469 Orationibus
747 3403 883 3478 diversis
898 3425 957 3489 pro
983 3405 1104 3468 Defun-

82 3501 162 3565 ctis.
180 3501 290 3564 Potest
315 3499 413 3563 etiam
437 3498 602 3566 celebrans
629 3500 763 3564 arbitrio
794 3520 851 3562 suo
881 3499 959 3562 alias
987 3495 1107 3563 addere

83 3596 262 3670 Orationes
286 3615 389 3680 usque
414 3592 455 3658 ad
483 3596 627 3681 quinque
649 3597 703 3660 vel
718 3606 859 3680 septem,
883 3595 927 3657 ita
950 3602 1057 3657 tamen
1072 3605 1109 3660 ut

82 3689 202 3753 Oratio
213 3687 502 3776 Fidoiiatnsemper
514 3689 554 3752 sit
565 3689 689 3756 ultima.

16 3784 19 3790 ’
143 3783 245 3847 Unica
279 3782 392 3849 Oratio
419 3783 549 3847 dicenda
578 3795 621 3847 est
647 3788 679 3847 iu
706 3785 805 3848 Missa
834 3785 1012 3872 deRequie
1042 3807 1112 3850 cam

86 3889 186 3944 canta
207 3878 257 3962 (S.
274 3879 317 3943 R.
335 3878 371 3943 C.
389 3879 431 3942 11
446 3875 533 3964 Aug.
552 3876 651 3964 1851)
679 3888 711 3942 et
741 3880 920 3943 conveniens
936 3899 999 3944 esse
1026 3878 1110 3943 debat

80 3993 241 4058 persona,
270 3983 325 4036 aut
360 3973 514 4057 personis·
528 3993 588 4056 pro
617 3971 728 4058 quibas
759 3971 929 4037 celebrator
942 3973 992 4056 (S.
1009 3974 1052 4038 R.
1071 3973 1106 4037 C.

87 4068 134 4132 19
151 4065 242 4159 Junii
258 4063 371 4150 1875).

177 4205 362 4259 Qarrsrnnrrs.
890 4193 895 4204 '
964 4212 983 4269 8
