<?xml version="1.0" encoding="UTF-8"?>
<!DOCTYPE html PUBLIC "-//W3C//DTD XHTML 1.0 Transitional//EN"
    "http://www.w3.org/TR/xhtml1/DTD/xhtml1-transitional.dtd">
<html xmlns="http://www.w3.org/1999/xhtml" xml:lang="en" lang="en">
 <head>
  <title>
</title>
<meta http-equiv="Content-Type" content="text/html;charset=utf-8" />
  <meta name='ocr-system' content='tesseract 3.04.00' />
  <meta name='ocr-capabilities' content='ocr_page ocr_carea ocr_par ocr_line ocrx_word'/>
</head>
<body>
  <div class='ocr_page' id='page_1' title='image "./quaestionesinru00churgoog_0147.png"; bbox 0 0 2750 4738; ppageno 0'>
   <div class='ocr_carea' id='block_1_1' title="bbox 580 1136 983 1228">
    <p class='ocr_par' dir='ltr' id='par_1_1' title="bbox 580 1136 983 1228">
     <span class='ocr_line' id='line_1_1' title="bbox 580 1136 983 1228; baseline -0.012 2"><span class='ocrx_word' id='word_1_1' title='bbox 580 1202 583 1210; x_wconf 90' lang='lat'>-</span> <span class='ocrx_word' id='word_1_2' title='bbox 703 1136 983 1228; x_wconf 85' lang='lat' dir='ltr'>RUBRICAE</span> 
     </span>
    </p>
   </div>
   <div class='ocr_carea' id='block_1_2' title="bbox 584 1384 1114 1455">
    <p class='ocr_par' dir='ltr' id='par_1_2' title="bbox 584 1384 1114 1455">
     <span class='ocr_line' id='line_1_2' title="bbox 584 1384 1114 1455; baseline -0.013 0"><span class='ocrx_word' id='word_1_3' title='bbox 584 1384 858 1455; x_wconf 84' lang='lat' dir='ltr'><strong>GENERALES</strong></span> <span class='ocrx_word' id='word_1_4' title='bbox 885 1384 1114 1450; x_wconf 76' lang='lat' dir='ltr'><strong>MlssnLIS.</strong></span> 
     </span>
    </p>
   </div>
   <div class='ocr_carea' id='block_1_3' title="bbox 780 1612 910 1634">
    <p class='ocr_par' dir='ltr' id='par_1_3' title="bbox 780 1612 910 1634">
     <span class='ocr_line' id='line_1_3' title="bbox 780 1612 910 1634; baseline 0 -1"><span class='ocrx_word' id='word_1_5' title='bbox 780 1612 910 1634; x_wconf 42' lang='lat' dir='ltr'>w</span> 
     </span>
    </p>
   </div>
   <div class='ocr_carea' id='block_1_4' title="bbox 339 1788 1330 2165">
    <p class='ocr_par' dir='ltr' id='par_1_4' title="bbox 339 1788 1330 2165">
     <span class='ocr_line' id='line_1_4' title="bbox 384 1788 1330 1883; baseline -0.011 -22"><span class='ocrx_word' id='word_1_6' title='bbox 384 1797 478 1861; x_wconf 85' lang='lat' dir='ltr'><strong>llissa</strong></span> <span class='ocrx_word' id='word_1_7' title='bbox 494 1795 642 1883; x_wconf 74' lang='lat' dir='ltr'><strong>quotidie</strong></span> <span class='ocrx_word' id='word_1_8' title='bbox 657 1795 776 1862; x_wconf 79' lang='lat' dir='ltr'><strong>dicitur</strong></span> <span class='ocrx_word' id='word_1_9' title='bbox 800 1793 978 1861; x_wconf 87' lang='lat' dir='ltr'><strong>seeundum</strong></span> <span class='ocrx_word' id='word_1_10' title='bbox 1001 1793 1148 1859; x_wconf 82' lang='lat' dir='ltr'>ordinem</span> <span class='ocrx_word' id='word_1_11' title='bbox 1170 1793 1273 1870; x_wconf 87' lang='lat' dir='ltr'><strong>Officii,</strong></span> <span class='ocrx_word' id='word_1_12' title='bbox 1295 1788 1330 1850; x_wconf 88' lang='lat' dir='ltr'><strong>dc</strong></span> 
     </span>
     <span class='ocr_line' id='line_1_5' title="bbox 340 1884 1329 1977; baseline -0.01 -23"><span class='ocrx_word' id='word_1_13' title='bbox 340 1891 421 1954; x_wconf 79' lang='lat' dir='ltr'><strong>lesio</strong></span> <span class='ocrx_word' id='word_1_14' title='bbox 434 1890 574 1976; x_wconf 82' lang='lat' dir='ltr'><strong>Duplici,</strong></span> <span class='ocrx_word' id='word_1_15' title='bbox 590 1891 644 1957; x_wconf 82' lang='lat' dir='ltr'><strong>vel</strong></span> <span class='ocrx_word' id='word_1_16' title='bbox 660 1890 882 1977; x_wconf 83' lang='lat' dir='ltr'><strong>semiduplici,</strong></span> <span class='ocrx_word' id='word_1_17' title='bbox 904 1893 957 1955; x_wconf 87' lang='lat' dir='ltr'><strong>vel</strong></span> <span class='ocrx_word' id='word_1_18' title='bbox 971 1890 1135 1977; x_wconf 85' lang='lat' dir='ltr'><strong>Simplici:</strong></span> <span class='ocrx_word' id='word_1_19' title='bbox 1159 1887 1198 1953; x_wconf 91' lang='lat' dir='ltr'><strong>dc</strong></span> <span class='ocrx_word' id='word_1_20' title='bbox 1212 1884 1329 1954; x_wconf 87' lang='lat' dir='ltr'><strong>Domini-</strong></span> 
     </span>
     <span class='ocr_line' id='line_1_6' title="bbox 340 1979 1329 2072; baseline -0.01 -24"><span class='ocrx_word' id='word_1_21' title='bbox 340 2007 389 2064; x_wconf 89' lang='lat' dir='ltr'><strong>ca,</strong></span> <span class='ocrx_word' id='word_1_22' title='bbox 406 1987 459 2050; x_wconf 79' lang='lat' dir='ltr'><strong>rel</strong></span> <span class='ocrx_word' id='word_1_23' title='bbox 472 1985 577 2064; x_wconf 81' lang='lat' dir='ltr'><strong>Faria,</strong></span> <span class='ocrx_word' id='word_1_24' title='bbox 593 1986 646 2051; x_wconf 79' lang='lat' dir='ltr'><strong>uel</strong></span> <span class='ocrx_word' id='word_1_25' title='bbox 662 1985 791 2072; x_wconf 72' lang='lat' dir='ltr'><strong>vigilia,</strong></span> <span class='ocrx_word' id='word_1_26' title='bbox 813 1986 866 2048; x_wconf 87' lang='lat' dir='ltr'><strong>vel</strong></span> <span class='ocrx_word' id='word_1_27' title='bbox 889 1984 1029 2050; x_wconf 75' lang='lat' dir='ltr'><strong>Octava:</strong></span> <span class='ocrx_word' id='word_1_28' title='bbox 1047 1994 1079 2049; x_wconf 85' lang='lat' dir='ltr'><strong>el</strong></span> <span class='ocrx_word' id='word_1_29' title='bbox 1095 1993 1184 2048; x_wconf 76' lang='lat' dir='ltr'><strong>extra</strong></span> <span class='ocrx_word' id='word_1_30' title='bbox 1206 1979 1329 2048; x_wconf 83' lang='lat' dir='ltr'><strong>ordinem</strong></span> 
     </span>
     <span class='ocr_line' id='line_1_7' title="bbox 339 2075 935 2165; baseline 0.002 -24"><span class='ocrx_word' id='word_1_31' title='bbox 339 2075 456 2155; x_wconf 87' lang='lat' dir='ltr'><strong>Officii,</strong></span> <span class='ocrx_word' id='word_1_32' title='bbox 472 2077 601 2160; x_wconf 85' lang='lat' dir='ltr'><strong>Votiva,</strong></span> <span class='ocrx_word' id='word_1_33' title='bbox 618 2078 670 2144; x_wconf 82' lang='lat' dir='ltr'><strong>vel</strong></span> <span class='ocrx_word' id='word_1_34' title='bbox 684 2100 744 2165; x_wconf 90' lang='lat' dir='ltr'><strong>pro</strong></span> <span class='ocrx_word' id='word_1_35' title='bbox 757 2078 935 2143; x_wconf 87' lang='lat' dir='ltr'><strong>Defunclis.</strong></span> 
     </span>
    </p>
   </div>
   <div class='ocr_carea' id='block_1_5' title="bbox 691 2342 994 2441">
    <p class='ocr_par' dir='ltr' id='par_1_5' title="bbox 691 2342 1365 2518">
     <span class='ocr_line' id='line_1_8' title="bbox 691 2342 994 2441; baseline 0.001 -23"><span class='ocrx_word' id='word_1_36' title='bbox 691 2343 726 2420; x_wconf 92' lang='lat'><strong>1.</strong></span> <span class='ocrx_word' id='word_1_37' title='bbox 754 2345 811 2420; x_wconf 88' lang='lat' dir='ltr'><strong>De</strong></span> <span class='ocrx_word' id='word_1_38' title='bbox 827 2342 994 2441; x_wconf 81' lang='lat' dir='ltr'><strong>Duplici.</strong></span> 
     </span>
    </p>
   </div>
   <div class='ocr_carea' id='block_1_6' title="bbox 337 2595 1363 3255">
    <p class='ocr_par' dir='ltr' id='par_1_6' title="bbox 337 2581 1364 3255">
     <span class='ocr_line' id='line_1_9' title="bbox 382 2595 1330 2687; baseline -0.012 -23"><span class='ocrx_word' id='word_1_39' title='bbox 382 2601 476 2664; x_wconf 87' lang='lat' dir='ltr'><strong>Missa</strong></span> <span class='ocrx_word' id='word_1_40' title='bbox 491 2597 610 2664; x_wconf 78' lang='lat' dir='ltr'><strong>dicitur</strong></span> <span class='ocrx_word' id='word_1_41' title='bbox 623 2597 664 2664; x_wconf 88' lang='lat' dir='ltr'><strong>de</strong></span> <span class='ocrx_word' id='word_1_42' title='bbox 676 2599 803 2687; x_wconf 86' lang='lat' dir='ltr'><strong>Duplici</strong></span> <span class='ocrx_word' id='word_1_43' title='bbox 820 2599 882 2662; x_wconf 88' lang='lat' dir='ltr'><strong>illis</strong></span> <span class='ocrx_word' id='word_1_44' title='bbox 893 2597 1020 2680; x_wconf 90' lang='lat' dir='ltr'><strong>diebus,</strong></span> <span class='ocrx_word' id='word_1_45' title='bbox 1037 2599 1156 2686; x_wconf 87' lang='lat' dir='ltr'><strong>quibus</strong></span> <span class='ocrx_word' id='word_1_46' title='bbox 1185 2599 1215 2661; x_wconf 92' lang='lat' dir='ltr'><strong>in</strong></span> <span class='ocrx_word' id='word_1_47' title='bbox 1229 2595 1330 2658; x_wconf 78' lang='lat' dir='ltr'><strong>Kalen·</strong></span> 
     </span>
     <span class='ocr_line' id='line_1_10' title="bbox 338 2689 1329 2778; baseline -0.011 -20"><span class='ocrx_word' id='word_1_48' title='bbox 338 2693 428 2758; x_wconf 88' lang='lat' dir='ltr'><strong>dario</strong></span> <span class='ocrx_word' id='word_1_49' title='bbox 443 2692 575 2778; x_wconf 79' lang='lat' dir='ltr'><strong>ponitur</strong></span> <span class='ocrx_word' id='word_1_50' title='bbox 589 2693 657 2756; x_wconf 79' lang='lat' dir='ltr'><strong>lraec</strong></span> <span class='ocrx_word' id='word_1_51' title='bbox 671 2703 746 2757; x_wconf 86' lang='lat' dir='ltr'><strong>nola</strong></span> <span class='ocrx_word' id='word_1_52' title='bbox 772 2692 908 2778; x_wconf 80' lang='lat' dir='ltr'><strong>Dupleoe,</strong></span> <span class='ocrx_word' id='word_1_53' title='bbox 937 2703 970 2757; x_wconf 83' lang='lat' dir='ltr'><strong>el</strong></span> <span class='ocrx_word' id='word_1_54' title='bbox 990 2692 1023 2758; x_wconf 90' lang='lat' dir='ltr'><strong>in</strong></span> <span class='ocrx_word' id='word_1_55' title='bbox 1051 2693 1140 2757; x_wconf 81' lang='lat' dir='ltr'><strong>lestis</strong></span> <span class='ocrx_word' id='word_1_56' title='bbox 1165 2689 1329 2762; x_wconf 87' lang='lat' dir='ltr'><strong>mobilibus,</strong></span> 
     </span>
     <span class='ocr_line' id='line_1_11' title="bbox 337 2771 1363 2877; baseline -0.011 -25"><span class='ocrx_word' id='word_1_57' title='bbox 337 2786 608 2877; x_wconf 78' lang='lat' dir='ltr'><strong>quandocumque</strong></span> <span class='ocrx_word' id='word_1_58' title='bbox 624 2788 772 2854; x_wconf 91' lang='lat' dir='ltr'><strong>Officium</strong></span> <span class='ocrx_word' id='word_1_59' title='bbox 788 2800 837 2854; x_wconf 84' lang='lat' dir='ltr'><strong>est</strong></span> <span class='ocrx_word' id='word_1_60' title='bbox 851 2790 990 2876; x_wconf 84' lang='lat' dir='ltr'><strong>Duplex.</strong></span> <span class='ocrx_word' id='word_1_61' title='bbox 1016 2791 1054 2853; x_wconf 92' lang='lat' dir='ltr'><strong>ln</strong></span> <span class='ocrx_word' id='word_1_62' title='bbox 1069 2789 1253 2875; x_wconf 88' lang='lat' dir='ltr'><strong>Duplicibus</strong></span> <span class='ocrx_word' id='word_1_63' title='bbox 1266 2782 1330 2848; x_wconf 91' lang='lat' dir='ltr'><strong>dici·</strong></span> <span class='ocrx_word' id='word_1_64' title='bbox 1362 2771 1363 2843; x_wconf 85' lang='lat' dir='ltr'><strong>l</strong></span> 
     </span>
     <span class='ocr_line' id='line_1_12' title="bbox 339 2875 1362 3005; baseline -0.011 -57"><span class='ocrx_word' id='word_1_65' title='bbox 339 2895 392 2948; x_wconf 85' lang='lat' dir='ltr'><strong>lur</strong></span> <span class='ocrx_word' id='word_1_66' title='bbox 407 2904 472 2948; x_wconf 86' lang='lat' dir='ltr'><strong>una</strong></span> <span class='ocrx_word' id='word_1_67' title='bbox 490 2892 615 2948; x_wconf 73' lang='lat' dir='ltr'><strong>mulum</strong></span> <span class='ocrx_word' id='word_1_68' title='bbox 640 2885 754 2962; x_wconf 89' lang='lat' dir='ltr'><strong>oratio,</strong></span> <span class='ocrx_word' id='word_1_69' title='bbox 778 2885 839 2948; x_wconf 89' lang='lat' dir='ltr'><strong>nisi</strong></span> <span class='ocrx_word' id='word_1_70' title='bbox 864 2885 972 2971; x_wconf 89' lang='lat' dir='ltr'><strong>aliqua</strong></span> <span class='ocrx_word' id='word_1_71' title='bbox 997 2885 1255 2950; x_wconf 70' lang='lat' dir='ltr'><strong>commemoratio</strong></span> <span class='ocrx_word' id='word_1_72' title='bbox 1275 2875 1330 2943; x_wconf 92' lang='lat' dir='ltr'><strong>fieri</strong></span> <span class='ocrx_word' id='word_1_73' title='bbox 1361 2923 1362 3005; x_wconf 33' lang='grc'>1</span> 
     </span>
     <span class='ocr_line' id='line_1_13' title="bbox 338 2973 1330 3065; baseline -0.006 -24"><span class='ocrx_word' id='word_1_74' title='bbox 338 2977 468 3044; x_wconf 85' lang='lat' dir='ltr'><strong>debeat.</strong></span> <span class='ocrx_word' id='word_1_75' title='bbox 490 2977 562 3042; x_wconf 86' lang='lat' dir='ltr'><strong>Alia</strong></span> <span class='ocrx_word' id='word_1_76' title='bbox 587 2979 694 3044; x_wconf 90' lang='lat' dir='ltr'><strong>omnia</strong></span> <span class='ocrx_word' id='word_1_77' title='bbox 717 2977 869 3044; x_wconf 79' lang='lat' dir='ltr'><strong>dicuntur</strong></span> <span class='ocrx_word' id='word_1_78' title='bbox 883 2989 919 3043; x_wconf 87' lang='lat' dir='ltr'><strong>ut</strong></span> <span class='ocrx_word' id='word_1_79' title='bbox 934 2980 967 3042; x_wconf 90' lang='lat' dir='ltr'><strong>in</strong></span> <span class='ocrx_word' id='word_1_80' title='bbox 979 2979 1116 3065; x_wconf 87' lang='lat' dir='ltr'><strong>propriis</strong></span> <span class='ocrx_word' id='word_1_81' title='bbox 1143 2979 1242 3044; x_wconf 83' lang='lat' dir='ltr'><strong>Missis</strong></span> <span class='ocrx_word' id='word_1_82' title='bbox 1254 2973 1330 3057; x_wconf 81' lang='lat' dir='ltr'><strong>assig·</strong></span> 
     </span>
     <span class='ocr_line' id='line_1_14' title="bbox 340 3071 1361 3168; baseline -0.004 -31"><span class='ocrx_word' id='word_1_83' title='bbox 340 3083 452 3138; x_wconf 81' lang='lat' dir='ltr'><strong>nalum</strong></span> <span class='ocrx_word' id='word_1_84' title='bbox 483 3084 542 3137; x_wconf 79' lang='lat' dir='ltr'><strong>cst.</strong></span> <span class='ocrx_word' id='word_1_85' title='bbox 581 3071 719 3154; x_wconf 81' lang='lat' dir='ltr'><strong>Quando</strong></span> <span class='ocrx_word' id='word_1_86' title='bbox 748 3072 812 3138; x_wconf 91' lang='lat' dir='ltr'><strong>dici</strong></span> <span class='ocrx_word' id='word_1_87' title='bbox 833 3072 951 3137; x_wconf 76' lang='lat' dir='ltr'><strong>debeat</strong></span> <span class='ocrx_word' id='word_1_88' title='bbox 978 3073 1089 3139; x_wconf 82' lang='lat' dir='ltr'><strong>Gloria</strong></span> <span class='ocrx_word' id='word_1_89' title='bbox 1115 3076 1149 3138; x_wconf 74' lang='lat' dir='ltr'><strong>in</strong></span> <span class='ocrx_word' id='word_1_90' title='bbox 1169 3072 1330 3148; x_wconf 66' lang='lat' dir='ltr'><strong>excussu</strong></span> <span class='ocrx_word' id='word_1_91' title='bbox 1360 3088 1361 3168; x_wconf 58' lang='lat' dir='ltr'><strong>p</strong></span> 
     </span>
     <span class='ocr_line' id='line_1_15' title="bbox 342 3165 1119 3255; baseline 0.003 -25"><span class='ocrx_word' id='word_1_92' title='bbox 342 3165 454 3251; x_wconf 84' lang='lat' dir='ltr'><strong>Credo,</strong></span> <span class='ocrx_word' id='word_1_93' title='bbox 471 3167 604 3232; x_wconf 87' lang='lat' dir='ltr'><strong>inferius</strong></span> <span class='ocrx_word' id='word_1_94' title='bbox 615 3169 745 3254; x_wconf 74' lang='lat' dir='ltr'><strong>ponitur</strong></span> <span class='ocrx_word' id='word_1_95' title='bbox 760 3167 791 3234; x_wconf 91' lang='lat' dir='ltr'><strong>in</strong></span> <span class='ocrx_word' id='word_1_96' title='bbox 807 3168 945 3255; x_wconf 86' lang='lat' dir='ltr'><strong>propriis</strong></span> <span class='ocrx_word' id='word_1_97' title='bbox 956 3168 1119 3234; x_wconf 86' lang='lat' dir='ltr'><strong>Rubricis.</strong></span> 
     </span>
    </p>
   </div>
   <div class='ocr_carea' id='block_1_7' title="bbox 420 3413 1359 3657">
    <p class='ocr_par' dir='ltr' id='par_1_7' title="bbox 420 3413 1359 3657">
     <span class='ocr_line' id='line_1_16' title="bbox 522 3413 1359 3534; baseline 0.008 -30"><span class='ocrx_word' id='word_1_98' title='bbox 522 3429 578 3505; x_wconf 90' lang='lat'><strong>11.</strong></span> <span class='ocrx_word' id='word_1_99' title='bbox 598 3431 653 3508; x_wconf 77' lang='lat' dir='ltr'><strong>ue</strong></span> <span class='ocrx_word' id='word_1_100' title='bbox 669 3429 924 3533; x_wconf 65' lang='lat' dir='ltr'><strong>senissimum,</strong></span> <span class='ocrx_word' id='word_1_101' title='bbox 940 3443 974 3510; x_wconf 80' lang='lat' dir='ltr'><strong>er</strong></span> <span class='ocrx_word' id='word_1_102' title='bbox 987 3433 1173 3534; x_wconf 68' lang='lat' dir='ltr'><strong>scapua.</strong></span> <span class='ocrx_word' id='word_1_103' title='bbox 1358 3413 1359 3494; x_wconf 81' lang='lat' dir='ltr'><strong>l</strong></span> 
     </span>
     <span class='ocr_line' id='line_1_17' title="bbox 420 3565 1358 3657; baseline 0.004 -4"><span class='ocrx_word' id='word_1_104' title='bbox 420 3583 422 3586; x_wconf 87' lang='lat'>·</span> <span class='ocrx_word' id='word_1_105' title='bbox 1357 3565 1358 3657; x_wconf 82' lang='lat' dir='ltr'><strong>l</strong></span> 
     </span>
    </p>
   </div>
   <div class='ocr_carea' id='block_1_8' title="bbox 341 3677 1357 4128">
    <p class='ocr_par' dir='ltr' id='par_1_8' title="bbox 341 3677 1357 4128">
     <span class='ocr_line' id='line_1_18' title="bbox 385 3677 1357 3774; baseline 0.005 -29"><span class='ocrx_word' id='word_1_106' title='bbox 385 3681 480 3745; x_wconf 88' lang='lat' dir='ltr'><strong>Missa</strong></span> <span class='ocrx_word' id='word_1_107' title='bbox 496 3679 538 3746; x_wconf 88' lang='lat' dir='ltr'><strong>de</strong></span> <span class='ocrx_word' id='word_1_108' title='bbox 555 3681 765 3768; x_wconf 71' lang='lat' dir='ltr'><strong>semiduplici</strong></span> <span class='ocrx_word' id='word_1_109' title='bbox 788 3683 907 3751; x_wconf 82' lang='lat' dir='ltr'><strong>dicitur</strong></span> <span class='ocrx_word' id='word_1_110' title='bbox 931 3684 1061 3774; x_wconf 86' lang='lat' dir='ltr'><strong>quando</strong></span> <span class='ocrx_word' id='word_1_111' title='bbox 1092 3687 1124 3750; x_wconf 90' lang='lat' dir='ltr'><strong>in</strong></span> <span class='ocrx_word' id='word_1_112' title='bbox 1156 3677 1329 3750; x_wconf 86' lang='lat' dir='ltr'><strong>Kalendario</strong></span> <span class='ocrx_word' id='word_1_113' title='bbox 1356 3739 1357 3750; x_wconf 75' lang='lat'><strong>.</strong></span> 
     </span>
     <span class='ocr_line' id='line_1_19' title="bbox 341 3775 1329 3864; baseline 0.002 -27"><span class='ocrx_word' id='word_1_114' title='bbox 341 3775 472 3860; x_wconf 82' lang='lat' dir='ltr'><strong>ponitur</strong></span> <span class='ocrx_word' id='word_1_115' title='bbox 486 3776 553 3840; x_wconf 83' lang='lat' dir='ltr'><strong>haec</strong></span> <span class='ocrx_word' id='word_1_116' title='bbox 568 3798 630 3841; x_wconf 86' lang='lat' dir='ltr'><strong>vox</strong></span> <span class='ocrx_word' id='word_1_117' title='bbox 654 3777 862 3864; x_wconf 83' lang='lat' dir='ltr'><strong>Semiduplex.</strong></span> <span class='ocrx_word' id='word_1_118' title='bbox 886 3780 1045 3844; x_wconf 82' lang='lat' dir='ltr'><strong>Praelerea</strong></span> <span class='ocrx_word' id='word_1_119' title='bbox 1064 3781 1097 3844; x_wconf 92' lang='lat' dir='ltr'><strong>in</strong></span> <span class='ocrx_word' id='word_1_120' title='bbox 1111 3777 1285 3853; x_wconf 84' lang='lat' dir='ltr'><strong>Dominicis,</strong></span> <span class='ocrx_word' id='word_1_121' title='bbox 1306 3776 1329 3832; x_wconf 83' lang='lat' dir='ltr'><strong>cl</strong></span> 
     </span>
     <span class='ocr_line' id='line_1_20' title="bbox 341 3867 1356 3959; baseline 0.007 -28"><span class='ocrx_word' id='word_1_122' title='bbox 341 3867 457 3931; x_wconf 88' lang='lat' dir='ltr'><strong>dicbus</strong></span> <span class='ocrx_word' id='word_1_123' title='bbox 471 3869 553 3933; x_wconf 86' lang='lat' dir='ltr'><strong>inira</strong></span> <span class='ocrx_word' id='word_1_124' title='bbox 565 3871 713 3937; x_wconf 76' lang='lat' dir='ltr'><strong>Octavus.</strong></span> <span class='ocrx_word' id='word_1_125' title='bbox 730 3874 767 3936; x_wconf 92' lang='lat' dir='ltr'><strong>In</strong></span> <span class='ocrx_word' id='word_1_126' title='bbox 780 3872 1051 3959; x_wconf 84' lang='lat' dir='ltr'><strong>Semiduplicibus</strong></span> <span class='ocrx_word' id='word_1_127' title='bbox 1061 3883 1126 3939; x_wconf 87' lang='lat' dir='ltr'><strong>lam</strong></span> <span class='ocrx_word' id='word_1_128' title='bbox 1138 3874 1236 3954; x_wconf 86' lang='lat' dir='ltr'><strong>feslis,</strong></span> <span class='ocrx_word' id='word_1_129' title='bbox 1252 3880 1327 3956; x_wconf 64' lang='lat' dir='ltr'><strong>quam</strong></span> <span class='ocrx_word' id='word_1_130' title='bbox 1355 3921 1356 3930; x_wconf 22' lang='grc' dir='ltr'><strong>η</strong></span> 
     </span>
     <span class='ocr_line' id='line_1_21' title="bbox 341 3931 1356 4054; baseline 0 -28"><span class='ocrx_word' id='word_1_131' title='bbox 341 3961 528 4043; x_wconf 86' lang='lat' dir='ltr'><strong>Dominicis,</strong></span> <span class='ocrx_word' id='word_1_132' title='bbox 543 3974 575 4029; x_wconf 87' lang='lat' dir='ltr'><strong>cl</strong></span> <span class='ocrx_word' id='word_1_133' title='bbox 587 3965 668 4030; x_wconf 88' lang='lat' dir='ltr'><strong>inira</strong></span> <span class='ocrx_word' id='word_1_134' title='bbox 683 3966 830 4050; x_wconf 79' lang='lat' dir='ltr'><strong>Octavus,</strong></span> <span class='ocrx_word' id='word_1_135' title='bbox 847 3967 999 4032; x_wconf 72' lang='lat' dir='ltr'><strong>dicuntur</strong></span> <span class='ocrx_word' id='word_1_136' title='bbox 1010 3971 1119 4054; x_wconf 85' lang='lat' dir='ltr'><strong>plures</strong></span> <span class='ocrx_word' id='word_1_137' title='bbox 1130 3968 1288 4040; x_wconf 78' lang='lat' dir='ltr'><strong>orationes,</strong></span> <span class='ocrx_word' id='word_1_138' title='bbox 1302 3962 1327 4017; x_wconf 82' lang='lat' dir='ltr'><strong>nl</strong></span> <span class='ocrx_word' id='word_1_139' title='bbox 1355 3931 1356 3983; x_wconf 43' lang='lat'>¹</span> 
     </span>
     <span class='ocr_line' id='line_1_22' title="bbox 343 4053 1325 4128; baseline 0.001 -9"><span class='ocrx_word' id='word_1_140' title='bbox 343 4055 427 4120; x_wconf 88' lang='lat' dir='ltr'><strong>infra</strong></span> <span class='ocrx_word' id='word_1_141' title='bbox 442 4053 567 4122; x_wconf 79' lang='lat' dir='ltr'><strong>dicetur</strong></span> <span class='ocrx_word' id='word_1_142' title='bbox 582 4059 615 4124; x_wconf 91' lang='lat' dir='ltr'><strong>in</strong></span> <span class='ocrx_word' id='word_1_143' title='bbox 630 4061 773 4126; x_wconf 87' lang='lat' dir='ltr'><strong>Rubrica</strong></span> <span class='ocrx_word' id='word_1_144' title='bbox 789 4061 829 4125; x_wconf 89' lang='lat' dir='ltr'><strong>de</strong></span> <span class='ocrx_word' id='word_1_145' title='bbox 844 4062 1063 4128; x_wconf 75' lang='lat' dir='ltr'><strong>Orationibus.</strong></span> <span class='ocrx_word' id='word_1_146' title='bbox 1092 4063 1180 4127; x_wconf 88' lang='lat' dir='ltr'><strong>Infra</strong></span> <span class='ocrx_word' id='word_1_147' title='bbox 1198 4061 1325 4126; x_wconf 73' lang='lat' dir='ltr'><strong>ousiam</strong></span> 
     </span>
    </p>
   </div>
   <div class='ocr_carea' id='block_1_9' title="bbox 0 0 1380 4738">
    <p class='ocr_par' dir='ltr' id='par_1_9' title="bbox 0 0 1380 4738">
     <span class='ocr_line' id='line_1_23' title="bbox 0 0 1380 4738; baseline 0 0"><span class='ocrx_word' id='word_1_148' title='bbox 0 0 1380 4738; x_wconf 95' lang='lat' dir='ltr'><strong> </strong></span> 
     </span>
    </p>
   </div>
  </div>
 </body>
</html>
