2764 4742
308 139 350 202 62
705 109 711 120 ¹
740 154 883 197 nursica

308 269 340 323 et
357 269 420 324 tres
432 255 598 320 Lectiones
615 255 777 340 leguntur,
792 267 827 320 ut
843 256 925 320 inira
942 259 973 321 in
990 254 1131 320 Rubrica
1146 250 1189 314 de
1201 248 1309 313 Lectio·

308 353 404 417 nibus
424 347 575 413 babetur.
1362 341 1363 349 ’

353 445 385 510 5.
412 441 583 526 Quomodo
615 443 656 508 sit
683 442 900 510 ordinandum
927 446 1075 512 Officium
1109 442 1254 526 Simplex
1279 434 1313 500 ad

307 540 478 626 vesperas,
497 536 687 602 Matutinum
704 548 736 603 et
752 539 830 602 elias
845 540 960 620 Horas,
978 541 1054 604 item
1067 537 1151 610 etde
1167 531 1312 617 Antipho-

310 637 371 715 nis,
388 634 555 712 Versibus,
571 635 807 720 Responsoriis,
832 645 864 700 et
884 637 966 720 aliis,
984 658 1021 701 ae
1035 631 1166 722 quando
1197 632 1312 707 Preces,

309 741 340 796 et
362 729 520 817 Suffragia
536 726 576 792 de
592 729 715 795 Sanctis
733 727 870 796 dicenda
896 731 971 815 sint,
999 727 1161 794 habentur
1193 721 1314 786 inferius

309 825 446 912 propriae
461 823 624 890 Rubricae.

617 1091 687 1174 IV.
715 1095 771 1172 De
788 1095 1012 1174 Dominicis.
1368 1139 1369 1198 r

353 1381 386 1448 1.
409 1382 457 1447 De
472 1378 641 1446 Dominica
655 1400 783 1466 semper
797 1378 833 1444 fit
845 1378 992 1444 Officium
1010 1379 1043 1443 in
1067 1375 1246 1444 Dominicis
1259 1371 1317 1438 Ad·

310 1488 438 1556 ventus,
455 1486 487 1541 et
502 1476 535 1540 in
553 1475 728 1540 Dominicis
743 1497 763 1538 a
785 1474 1027 1561 Septuagesima
1044 1494 1147 1564 usque
1163 1471 1205 1536 ad
1221 1466 1317 1534 Domi·

310 1573 415 1638 uicum
430 1573 464 1636 in
479 1568 570 1636 Albis
596 1571 764 1652 inclusive,
782 1590 987 1656 quocumque
1009 1570 1102 1634 Festo
1118 1564 1259 1652 Duplici,
1274 1560 1317 1626 vel

311 1666 521 1754 semiduplici
537 1664 753 1732 adveniente:
778 1665 855 1752 quia
880 1675 957 1730 tuuc
986 1666 1115 1730 Festum
1137 1659 1318 1727 transfertur

311 1764 362 1850 (ut
385 1763 417 1826 in
440 1760 584 1826 Rubriea
602 1758 643 1824 de
670 1759 888 1824 Translatione
913 1760 1081 1824 Fastorum
1106 1755 1247 1838 dicetur)
1267 1748 1317 1813 nisi

311 1854 393 1921 illud
408 1857 537 1921 Festum
561 1856 602 1920 sit
618 1853 658 1918 de
673 1854 843 1941 principali
859 1855 976 1938 Titulo,
995 1856 1047 1920 vel
1068 1857 1210 1919 Patrouo
1227 1848 1316 1912 alicu·
1368 1879 1369 1920 t

305 1950 364 2038 jus
377 1951 538 2035 Ecclesiae,
551 1951 604 2017 uel
619 1950 693 2032 loci,
713 1959 768 2014 aut
782 1947 993 2014 Dedicatione
1009 1949 1146 2036 proprias
1157 1942 1315 2018 Ecclesiam
1368 1925 1369 2000 l

312 2045 389 2134 quia
401 2055 477 2111 lunc
492 2043 533 2109 de
549 2042 735 2132 hujusmodi
750 2045 843 2108 Festo
859 2044 893 2108 fit
908 2055 1032 2110 tautum
1049 2046 1082 2108 in
1096 2041 1250 2122 Ecclesia,
1273 2034 1316 2100 vel
1368 2073 1369 2104 r

312 2141 396 2220 loeo,
412 2139 505 2226 eujus
518 2149 566 2203 est
577 2140 713 2224 Titulus,
725 2141 779 2206 vel
793 2141 962 2220 Patronus,
988 2141 1042 2205 rel
1063 2136 1232 2203 Dedicatio
1254 2149 1316 2196 cum
1368 2117 1369 2192 l

311 2233 624 2299 Commemoratione
640 2234 833 2300 Dominieae:
858 2233 1052 2322 quibusdam
1075 2228 1252 2300 Dominicis
1273 2244 1315 2286 ex·
1368 2263 1369 2288 r

312 2331 429 2416 ceptis,
444 2339 480 2394 ut
492 2327 618 2394 dicetur
633 2329 666 2393 iu
678 2330 823 2395 Robrica
838 2329 879 2394 de
894 2327 1271 2396 commemorationibus.
1286 2321 1315 2382 ln
1368 2307 1369 2372 l

311 2426 382 2490 aliis
393 2424 569 2490 Dominicis
584 2447 777 2512 perannum
792 2427 827 2490 fit
843 2426 883 2490 de
895 2427 1073 2503 Dominica,
1088 2421 1219 2513 quando
1233 2421 1263 2482 in
1279 2414 1316 2478 cis
1368 2447 1369 2464 κ

311 2541 376 2586 nou
392 2520 531 2586 occurrit
555 2522 684 2588 Festum
710 2524 855 2608 Duplex:
887 2524 962 2610 quia
992 2533 1068 2588 tunc
1090 2522 1125 2586 fit
1140 2518 1181 2583 de
1201 2508 1317 2600 Duplici

311 2622 385 2680 curn
399 2618 704 2689 commemoratione
720 2618 894 2683 Dominicae
910 2619 942 2682 in
960 2619 1105 2705 utrisque
1122 2610 1271 2699 Vesperis
1290 2612 1316 2667 et
1368 2626 1369 2647 ¹

311 2707 486 2788 Laudibus,
506 2718 538 2772 et
552 2708 594 2773 ad
619 2709 811 2775 Matutinum
828 2712 949 2800 legitur
964 2733 1048 2776 nona
1079 2708 1188 2776 Lectio
1205 2704 1244 2769 de
1259 2700 1317 2766 Ho-
1368 2667 1369 2762 l

311 2806 403 2870 milia·
422 2805 608 2885 Dominica,
646 2816 683 2871 ut
714 2805 839 2873 dicetur
876 2809 909 2872 in
931 2809 1074 2874 Rubriea
1105 2805 1146 2870 de
1179 2804 1316 2872 Comme·
1368 2802 1369 2833 ¹

312 2899 557 2968 morationibus.
596 2901 629 2964 Si
667 2901 877 2988 Semiduplex
912 2902 1026 2967 eodem
1065 2901 1117 2967 die
1153 2902 1315 2972 occurrat,

312 2995 515 3076 transfertur,
543 3004 579 3059 ut
594 2993 720 3075 dicetur
742 2997 775 3061 in
797 2998 940 3064 Rubriea
959 2998 1000 3063 de
1021 2998 1241 3062 Translatione
1256 2991 1316 3056 Fas·
1368 2977 1369 3018 ¹

311 3097 431 3155 lorum.

206 3211 207 3215 ’
241 3230 243 3234 -
357 3199 390 3261 P.
415 3199 461 3262 De
477 3199 653 3265 Dominicis
669 3201 753 3266 infra
769 3203 904 3269 Oetaeas
917 3204 1109 3290 Natiuitatis,
1126 3197 1314 3292 Epiphania,

311 3292 527 3375 Ascensionis,
545 3305 577 3360 et
593 3295 741 3381 Corporis
765 3297 881 3362 Christi
898 3301 1153 3384 occurrentibus,
1181 3299 1315 3365 Officium

311 3389 347 3454 fit
361 3389 443 3454 sieut
458 3389 542 3454 infra
557 3390 724 3477 Octavam,
743 3403 775 3458 et
790 3394 823 3457 in
838 3394 974 3479 Proprie
1001 3393 1042 3458 de
1058 3395 1229 3482 Tempore,
1253 3407 1315 3456 cum

312 3481 624 3550 Commemoratione
649 3486 788 3572 Octava,
807 3498 838 3553 ct
854 3489 922 3552 sine
937 3488 1092 3554 Precibus
1115 3501 1147 3554 et
1163 3482 1317 3571 Suffragiis

313 3579 517 3644 Sanctorum.
527 3581 565 3644 Iu
581 3582 756 3648 Dominicis
771 3605 861 3667 vero,
878 3605 949 3671 quae
965 3596 1139 3650 occurrunt
1155 3585 1239 3649 inira
1250 3579 1315 3646 alius

293 3710 294 3714 =
312 3673 460 3755 Octavus,
475 3684 577 3739 toturn
593 3676 749 3742 Officium-²
760 3679 796 3742 fit
811 3676 851 3743 de
867 3680 1045 3763 Dominica,
1063 3691 1098 3744 ut
1113 3681 1145 3743 in
1157 3674 1314 3750 Psalterio,
1368 3746 1369 3757 χ

313 3777 345 3832 el
358 3767 391 3830 in
405 3769 538 3854 Proprie
566 3768 606 3834 de
636 3772 804 3858 Tempore,
819 3794 893 3838 eum
906 3773 1217 3838 Commemoratione
1237 3772 1314 3836 ucu-

313 3881 371 3944 vae,
399 3864 522 3927 omissis
540 3865 635 3928 etiarn
652 3865 744 3932 dietis
759 3869 913 3932 Precibus
926 3879 958 3932 et
970 3869 1147 3954 Suffragiis,
1165 3877 1313 3951 utsupra·

311 3956 359 4019 De
374 3956 541 4022 Dominica
553 3973 739 4026 occurrente
752 3963 783 4026 iu
797 3961 849 4026 die
865 3963 985 4028 Octava
996 3963 1031 4028 fit
1042 3957 1312 4035 commemoratio,

312 4050 395 4122 sieut
409 4049 531 4119 dietum
547 4065 605 4138 est,
623 4055 752 4142 quando
767 4057 800 4122 in
816 4079 852 4122 ea
867 4059 902 4123 fit
917 4057 958 4122 de
973 4060 1066 4122 Festo
1082 4059 1226 4142 Duplici,
1243 4072 1313 4144 pra·
