2754 4740
313 177 356 238 4⁴
723 185 911 236 oonsrrouos

357 296 435 360 Vult
446 293 505 357 sihi
515 295 629 374 scriptu
645 289 706 372 leqi
719 290 861 350 deremicc
876 287 991 347 Passio
1011 282 1142 346 Cln‘isti.

356 393 455 454 Actus
471 384 656 469 apostoliens
674 385 814 468 seqnitur
825 391 896 465 post
907 379 1033 443 Pascha
1048 377 1206 462 lepardus.

356 486 438 546 Hinc
457 478 680 565 Apocalypsin
694 476 769 559 leqe‚
788 474 1018 559 Cononicasque
1034 473 1181 536 vicissim.

358 579 437 641 Post
448 577 660 649 Pentecosten,
678 571 796 653 Eequrn
810 568 886 631 liher
897 570 958 631 escit
974 570 1006 628 in
1021 567 1148 629 hostem.

357 671 433 733 Inde
448 690 502 752 per
516 667 695 750 Auqrcstnrn
714 665 822 724 retinet
836 661 995 744 Sapientia
1020 671 1153 723 scutum.

358 767 423 829 Per
439 774 535 826 toturn
548 778 679 822 necresene
690 759 813 840 sapiens
828 755 975 818 Scdornon
988 765 1065 816 tenet
1085 773 1194 815 cresenc.

239 902 248 922 κ
358 858 471 924 Contat
497 850 749 938 September-lah,
773 849 910 928 Tohiorn,
927 847 1052 924 Jredith,
1069 845 1191 908 Esther.

361 953 487 1018 Octobri
497 969 597 1013 mense
609 945 782 1008 Machahoeo
797 944 933 1027 trophaeo
948 963 1078 1004 recense.

360 1052 421 1112 Iste
432 1043 582 1119 Ezechiel,
604 1039 715 1105 Daniel
733 1039 891 1102 durabunt
907 1057 1007 1098 reiense
1020 1037 1194 1099 Novembri.

360 1145 476 1207 Postea
492 1152 526 1203 tn
537 1149 649 1221 repetes
666 1134 710 1198 bis
722 1155 775 1196 sea
785 1137 818 1195 in
832 1133 895 1216 fine
909 1129 1099 1212 Prophetas.

360 1237 478 1318 Quaest.
497 1233 551 1296 72.
569 1231 623 1293 Are
647 1227 813 1312 aliqnando
837 1228 939 1289 oreeitti
956 1235 1056 1307 potest
1072 1226 1170 1286 Lectio
1195 1221 1316 1304 alicujus

317 1357 352 1396 ee
367 1331 431 1395 illis
448 1323 563 1392 libris?

360 1429 401 1490 R.
429 1425 549 1487 Saltem
578 1441 650 1503 pars
685 1419 793 1503 aliqua
815 1417 958 1479 omnium
987 1411 1147 1476 dictorum
1174 1409 1316 1471 librorum

317 1520 415 1584 debet
451 1517 514 1600 legi
551 1524 583 1576 et
620 1514 714 1576 lectio
751 1512 792 1574 ab
827 1513 915 1573 initio
952 1507 1110 1592 cujusque
1146 1501 1316 1578 libri-inci-

317 1611 435 1701 pienda
460 1620 518 1673 ost.
546 1608 621 1670 Haec
659 1605 818 1692 generalis
847 1605 958 1690 regula
992 1612 1056 1665 tres
1087 1599 1204 1684 {retitur
1234 1616 1317 1658 exce·

317 1711 460 1794 ptioues,
492 1724 571 1790 quas
601 1703 699 1765 refert
721 1700 863 1765 Rubriae
877 1748 885 1778 ,
910 1699 972 1761 Tit.
998 1695 1129 1774 XXVI,
1155 1715 1188 1754 n.
1212 1691 1252 1768 8,
1275 1689 1316 1749 his

318 1804 441 1870 verbis:

363 1901 410 1962 1⁰.
434 1899 479 1959 De
502 1895 665 1978 Scriptura
686 1909 803 1975 quoqne
819 1898 938 1951 tanturn
954 1886 1166 1968 inpositurn,
1183 1889 1316 1964 quantuni

318 1999 392 2059 sotis
408 1992 528 2055 uidetur
541 2010 597 2071 pro
614 2006 741 2048 reumero
756 1982 1027 2046 Hehdornadorurn
1043 1999 1111 2063 quae
1126 1998 1188 2039 esse
1200 1981 1317 2058 possunt

318 2094 398 2152 inter
419 2084 628 2166 Epiphaniam
652 2091 678 2142 et
693 2078 968 2162 Septnoqesirnnut,
984 2085 1012 2136 et
1037 2076 1117 2134 inter
1132 2071 1317 2132 Pentecosten

319 2180 544 2244 etAdnenturn.
562 2175 621 2237 Uhi
641 2194 707 2236 cero
726 2173 875 2255 continqit
891 2171 991 2230 rninrri
1008 2185 1174 2228 rerroeerrnn
1189 2158 1317 2222 Domini·

319 2295 423 2338 corani
440 2283 466 2335 et
480 2266 747 2333 Hebdomodornne
758 2276 828 2347 post
843 2261 1064 2345 Epiphaniam,
1079 2257 1253 2318 adveniente
1266 2251 1318 2312 oo-

319 2371 431 2433 rniniea
445 2365 694 2448 Septuaqesiruce‚
712 2359 793 2444 quod
809 2367 945 2441 superest
956 2353 993 2416 de
1007 2350 1158 2437 Epistolis
1168 2351 1206 2410 B.
1220 2343 1315 2420 Pauli,

319 2486 386 2550 quae
407 2459 580 2524 distributa
596 2467 669 2519 surtt
684 2475 743 2537 pro
769 2473 896 2516 etuneero
920 2449 1072 2511 dictarunt
1098 2445 1317 2507 Darniniearuut

319 2569 347 2621 et
361 2553 642 2626 Hebdomadorum,
658 2569 690 2610 co
703 2569 784 2610 artrro
800 2548 962 2620 omittitur,
981 2542 1120 2626 qnnnrois
1133 2537 1169 2598 cle
1181 2531 1318 2619 aliquibus

318 2647 467 2734 Epistolis
482 2643 562 2709 nihil
576 2645 616 2706 sit
631 2641 752 2704 lecturo.

364 2745 409 2806 2⁰.
426 2740 516 2819 Quod
543 2741 640 2801 ctiaue‘
658 2737 694 2818 fit
720 2735 756 2796 de
781 2736 944 2816 Scriptura
972 2753 1006 2792 ecc
1029 2727 1117 2790 libris
1141 2727 1255 2807 Reputo
1276 2716 1318 2797 (dc

320 2836 430 2922 quihus
448 2833 561 2918 leqitnr
579 2829 615 2892 ah
633 2827 749 2891 Ortona
764 2830 956 2891 Pentecosten
973 2843 1068 2907 nsque
1085 2819 1126 2880 od
1140 2815 1317 2879 Dominicom

321 2934 340 2991 l
353 2927 507 3012 Auqusti)
521 2947 590 2989 cnrn
602 2945 663 2985 non
680 2922 819 3006 expletur·
834 2941 979 2985 rtnrnerns
1007 2917 1241 2980 Dominieoruoe
1260 2912 1317 2988 post

321 3023 522 3086 Pentecosten
540 3018 575 3080 de
590 3019 633 3081 eis
650 3015 737 3079 libris
755 3026 919 3078 annotat-us
943 3033 1038 3098 usqne
1060 3009 1100 3072 ad
1116 3025 1246 3070 inensem
1259 2999 1317 3061 Arr-

322 3117 422 3200 qusti:
438 3115 511 3196 quio
527 3124 610 3191 tunc,
627 3111 819 3174 Lectionibus
841 3105 876 3172 de
901 3109 948 3171 his
965 3107 1053 3170 libris
1069 3105 1203 3176 omissis,
1222 3097 1318 3178 leqitro·

322 3209 358 3270 de
371 3210 545 3290 Scriptura,
562 3228 629 3291 quae
650 3208 779 3286 ponitur
797 3225 896 3268 rnense
911 3204 1062 3287 Anqusti.

366 3303 411 3364 5⁰.
433 3300 525 3379 Quod
538 3302 568 3363 si
580 3299 636 3382 fiat
658 3296 694 3359 de
718 3299 824 3385 aliqua
847 3299 1010 3361 Darninica
1033 3305 1102 3378 post
1126 3289 1316 3376 Epiphaniam

323 3397 486 3478 anticipato
502 3397 535 3456 in
548 3394 649 3468 Faria,
667 3412 699 3454 eo
714 3392 803 3455 modo
819 3414 878 3478 quo
897 3393 1011 3454 dietum
1034 3399 1076 3452 est
1099 3387 1135 3450 de
1166 3378 1320 3448 Dominicis

322 3509 356 3550 n.
382 3496 477 3548 ceco
502 3484 577 3570 (Tit.
595 3483 654 3568 IV)
678 3495 749 3547 tnnc
768 3496 840 3568 post
867 3482 1011 3570 Officium
1036 3483 1207 3544 Donniuiea
1229 3471 1319 3538 aretici-

319 3593 422 3664 pata,
438 3578 679 3663 insequentibus
696 3578 800 3643 diebus
817 3579 938 3663 leqatur
961 3578 998 3640 de
1011 3573 1162 3660 Epistolis
1184 3573 1218 3634 S.
1236 3559 1321 3630 Pcttlt'

324 3677 490 3758 assiqnatis
513 3674 683 3736 Dorninicae
719 3676 894 3759 anticipata
922 3684 949 3735 et
981 3667 1175 3757 sequentihus
1209 3660 1317 3727 Feriis‚·

325 3771 445 3831 omissis
468 3766 539 3829 aliis
562 3789 628 3852 quoe
651 3779 723 3830 secret
745 3771 909 3852 assiqnatis
924 3765 1105 3849 procedenti
1118 3750 1318 3823 Hebdomada.

373 3860 458 3940 Quid
468 3872 568 3923 antem
592 3861 811 3926 obseruandum
824 3866 875 3940 sit,
905 3883 972 3923 carru
994 3861 1118 3940 ocensis,
1136 3857 1186 3918 cui
1205 3851 1321 3936 quinque

325 3957 494 4042 Dorninicoe
531 3958 742 4040 assiqnontur,
785 3978 846 4019 non
871 3955 1009 4019 hahuerit
1036 3955 1098 4014 nisi
1129 3957 1266 4033 quotuor,
1293 3937 1318 3993 in

322 4053 461 4134 propriis
478 4048 551 4112 locis
568 4049 612 4130 (in
627 4052 806 4130 Breviorio)
823 4061 959 4114 rectatur.
