2754 4740
332 296 419 338 uirus
443 296 630 338 ceurennum
659 299 781 342 nrssnn.
979 328 982 332 -
1001 284 1054 344 161

98 399 125 460 7.
147 397 308 461 Diaconus
334 405 366 459 ct
387 393 602 461 subdiaconus
618 397 693 462 hine
709 398 783 464 inde
808 404 956 467 assistunt
975 405 1061 467 eele-

63 491 152 554 branti
168 513 241 556 eum
256 491 408 570 incensat,
427 501 544 555 etcum
557 502 807 558 transeuntante
821 495 966 574 Crucem,
980 518 1061 561 sem·

62 607 109 667 per
132 587 362 672 genuflectunt.
390 583 515 648 Deinde
542 586 719 668 celebrans,
749 586 884 655 diacono
905 590 1060 657 adextris

62 677 131 761 ejus,
153 678 350 743 subdiacono
376 700 395 743 a
423 677 544 743 dextris
566 680 693 745 diaconi
717 683 875 748 stantibus
901 686 934 748 in
958 707 1059 750 eoruu

61 771 205 855 Epistola,
223 774 301 860 legit
319 776 496 851 Introitnm,
522 784 555 838 et
569 776 664 858 Kyrie
680 775 803 840 eleison.
822 777 901 844 Cum
918 801 995 845 vero
1009 781 1059 842 in·

63 877 136 930 tonat
151 870 314 954 Hymnum
334 868 484 934 Gloriaiu
495 868 702 950 excelsuum,
713 869 866 936 diaconus
881 883 912 937 et
932 871 1059 939 subdia·

62 983 156 1040 conus,
174 985 257 1028 unus
274 975 344 1048 post
358 964 468 1042 alium,
482 973 566 1029 stant
581 985 600 1026 a
615 975 705 1051 tergo
721 965 932 1031 celebrantis:
950 978 1059 1053 postea

62 1056 223 1120 ascendunt
234 1057 275 1120 ad
288 1060 398 1138 altare,
413 1068 444 1122 et
455 1058 530 1121 hinc
542 1058 629 1137 inde,
645 1058 798 1124 diaconus
810 1082 826 1124 a
839 1059 971 1142 dextris,
985 1061 1058 1126 sub·

62 1147 201 1214 diaeonus
217 1174 235 1216 a
251 1153 396 1232 sinistris,
420 1173 492 1216 cum
514 1154 696 1218 celebrante
721 1156 883 1241 Hymnum
896 1156 1057 1228 ,submissa

62 1266 128 1308 voee
139 1258 378 1334 prosequuntur
392 1269 493 1334 usque
509 1248 549 1312 ad
564 1248 673 1313 finem.
691 1247 785 1330 Quod
801 1251 897 1314 etiam
912 1261 1058 1317 servatur

60 1361 122 1402 eum
146 1341 265 1406 dicitnr
290 1341 398 1424 Credo,
427 1354 459 1406 et
480 1364 554 1406 curn
576 1342 695 1408 dieitur
714 1347 866 1408 Dominus
892 1345 1054 1425 uobiscum,

63 1432 169 1514 Oratio,
196 1439 363 1523 Proesntio,
385 1447 416 1500 et
429 1438 528 1501 Pater
543 1451 657 1520 noster,
674 1437 827 1504 diaconus
843 1449 874 1504 et
889 1439 1058 1508 subdiaco-
1138 1473 1140 1476 ·

61 1551 109 1590 nus
123 1531 268 1594 similiter
283 1545 366 1596 stant
383 1553 463 1595 unus
481 1544 551 1616 post
567 1535 703 1598 alterum
717 1555 734 1598 a
753 1545 842 1621 tergo
854 1535 1056 1601 celebrantis.

399 1773 438 1848 V.
459 1775 514 1848 De
539 1771 727 1851 Oratione.

99 2009 125 2067 t.
149 2005 241 2070 Dicto
257 2006 384 2090 Hymno
404 2005 512 2070 Gtorio
535 2009 568 2069 in
591 2005 725 2086 excelsis,
751 2009 815 2084 vel,
832 2007 859 2070 si
871 2027 936 2071 non
951 2009 991 2072 sit
1008 2008 1059 2074 di-

59 2101 231 2180 eendns‚‘eo
247 2101 374 2181 omisso,
392 2101 557 2165 celebrans
581 2103 742 2166 osculatur
765 2102 865 2165 altare
886 2101 918 2164 iu
935 2101 1055 2186 medio,

59 2197 193 2260 manibus
210 2193 286 2257 hine
301 2193 375 2256 inde
386 2216 483 2278 super
499 2215 549 2274 eo,
574 2206 731 2279 utsupra,
746 2193 897 2272 extensis,
913 2196 1056 2260 tumidis

59 2303 120 2354 ante
132 2301 242 2376 peetus
251 2287 382 2372 junctis,
399 2300 431 2353 et
446 2286 591 2353 demissis
606 2287 647 2353 ad
661 2298 779 2352 terram
793 2289 904 2368 oculis,
916 2290 1012 2353 vertit
1024 2311 1057 2354 sc

59 2387 201 2449 asinistro
219 2387 318 2448 latere
334 2384 374 2447 ad
387 2382 535 2474 dextrum
549 2406 659 2448 versus
672 2387 837 2469 populum,
852 2384 912 2446 hoe
928 2394 986 2460 est,
1000 2407 1059 2470 per

59 2502 117 2543 eam
135 2490 256 2563 partem
270 2499 341 2562 quae
352 2479 481 2562 respicit
496 2500 595 2541 cornu
611 2479 769 2563 Epistoiae,
789 2490 820 2542 et
832 2475 1007 2542 extendens
1021 2501 1059 2544 ac

55 2572 183 2659 jungens
201 2592 315 2634 manus
340 2582 413 2635 ante
439 2582 562 2656 pectus,
587 2583 623 2636 ut
644 2573 744 2656 prius,
768 2571 847 2638 dicit
872 2593 951 2636 voce
973 2597 1056 2659 prae-

57 2666 131 2730 dicta
144 2668 298 2729 Dominus
310 2664 472 2746 votorum,
487 2666 549 2744 vel,
563 2665 588 2726 si
611 2665 651 2729 sit
665 2666 851 2750 Episcopus,
869 2667 943 2729 Pox
960 2667 1055 2746 uobis,

57 2760 147 2847 (quod
162 2758 281 2824 dicitur
295 2769 416 2823 tantum
429 2760 571 2823 hocloco
587 2758 716 2845 quando
733 2758 837 2825 dietus
853 2771 900 2823 est
911 2761 1055 2844 Hymnus

61 2857 158 2921 Gloria
172 2859 204 2918 in
223 2855 377 2938 excelsis.)
392 2861 431 2932 rt.
448 2855 490 2917 Et
513 2876 581 2917 cnm
606 2857 719 2937 spiritu
744 2866 806 2918 tuo.
823 2856 862 2918 Et
872 2853 1004 2940 junctis,
1022 2866 1057 2918 ut

58 2953 146 3034 prius,
169 2952 329 3033 manibus,
348 2949 521 3013 revertitur
533 2970 592 3033 per
606 2947 752 3012 eamdem
768 2948 854 3013 riam
869 2945 909 3010 ad
924 2947 1054 3030 tibrum,

57 3044 105 3107 ubi
116 3067 167 3109 eas
182 3043 358 3108 extendens
372 3054 403 3106 et
409 3042 552 3128 jungens
567 3051 640 3105 ante
654 3051 775 3125 pectus,
788 3050 947 3126 caputque
962 3040 1057 3106 Cruci

58 3140 213 3222 inclinans,
226 3139 305 3203 dicit
319 3138 468 3204 Oremns:
481 3147 547 3200 tum
558 3131 703 3199 extendit
717 3155 830 3197 manus
842 3143 915 3196 ante
931 3145 1055 3218 peetus,

59 3234 93 3297 ita
107 3245 140 3298 ut
163 3237 267 3320 palma
289 3235 383 3297 unius
406 3254 519 3296 manus
545 3229 694 3314 respiciat
720 3231 865 3308 alteram,
892 3238 924 3292 et
947 3225 1056 3314 digitis

57 3329 280 3415 simuljunetis‚
298 3350 435 3414 quorum
451 3325 616 3390 summitas
627 3324 836 3387 humerorum
853 3319 1055 3387 altitudinem

57 3418 292 3509 distantiamque
307 3444 371 3485 uon
386 3419 532 3496 excedat,
545 3417 634 3506 quod
645 3418 676 3480 in
690 3417 777 3480 omni
793 3415 979 3479 extensione
992 3437 1059 3480 ma·

57 3536 145 3582 nuum
162 3528 233 3581 aute
246 3527 356 3603 peetus
371 3527 529 3580 servatur.
544 3516 637 3578 Stans
648 3520 767 3584 autem,
782 3520 817 3574 ut
829 3530 936 3595 supra,
950 3519 1058 3572 exten·

57 3610 91 3672 sis
104 3613 261 3693 manibus,
279 3611 357 3675 dicit
370 3611 561 3677 Orationem.
591 3607 671 3672 Cum
699 3603 777 3669 dieit
798 3605 864 3668 Per
888 3603 1056 3666 Dominum

57 3716 195 3785 nostrum,
208 3706 319 3794 jungit
343 3727 467 3786 manus,
492 3724 610 3790 easque
629 3701 758 3794 junctas
781 3707 870 3763 tenet
890 3717 992 3783 usque
1016 3697 1059 3762 ad

58 3796 154 3864 finem.
172 3802 204 3864 Si
221 3803 313 3864 aliter
328 3799 530 3866 concluditur
553 3798 667 3874 oratio,
694 3795 760 3874 Qui
782 3805 892 3874 tecum,
915 3792 968 3856 vel
995 3791 1060 3870 Qui

58 3893 134 3974 ciris,
151 3913 223 3957 cum
240 3893 329 3973 dicit,
347 3899 380 3958 in
395 3894 525 3976 onitate,
537 3891 649 3977 jungit
663 3909 788 3953 manus.

94 3984 124 4046 ἲ.
148 3984 225 4050 Cum
241 3988 425 4051 nominatur
440 4006 557 4049 nomen
580 3982 712 4063 JESUS,
737 3989 833 4065 eaput
854 3975 1060 4044 versusCru-

57 4097 118 4141 cern
140 4080 288 4144 inclinat:
305 4081 505 4168 quodetiam
530 4079 606 4143 facit
629 4099 702 4142 eum
726 4077 910 4141 nominatur
933 4073 965 4136 in
982 4073 1059 4157 Epi-

59 4174 141 4238 stola.
166 4176 203 4239 Et
230 4175 377 4240 similiter
398 4175 594 4260 ubicumque
617 4174 803 4238 nominatur
818 4191 936 4236 nornen
957 4167 1059 4234 beatae
