2750 4738
348 133 410 196 120
808 155 914 198 nonem

387 254 503 318 Datum
532 255 643 318 Romae
667 253 753 339 apud
789 251 822 319 S.
850 256 992 338 Petrum,
1016 276 1100 321 anno
1124 258 1326 324 lnnernationis
1364 271 1365 326 ]

344 347 517 412 Dominieoe
533 347 701 411 millesimo
717 350 974 436 quingentesimo
989 352 1233 438 septuagesimo,
1246 351 1327 438 pridie
1364 369 1369 428 p

342 439 419 504 Idus
434 439 731 524 Jutii‚1³ontifionis
747 445 845 510 nostri
857 465 946 515 *anno
962 445 1088 532 quinto.
1364 455 1365 466 ¹

385 575 533 643 eAEsnn
555 575 818 648 onommms.
1115 581 1158 645 rr.
1183 580 1295 646 cem.

293 839 296 845 ,
382 767 477 833 Anno
502 769 710 848 aNetiritete
738 774 866 838 Domini
893 774 1063 840 millesimo
1095 775 1328 862 quingentesimo
1365 777 1369 854 p]

341 863 586 951 septuagesimo,
600 865 779 931 Indictione
791 867 1028 952 decimatortie,
1042 867 1095 932 die
1108 891 1185 934 voro
1199 870 1327 955 vigesimo
1368 936 1369 962 p

342 978 424 1020 none
456 959 574 1024 mensis
596 958 686 1040 Jniii,
715 963 920 1030 Pontificatus
943 964 1130 1030 sanctissimi
1163 965 1194 1028 in
1227 964 1329 1028 Christo
1364 963 1369 1036 ,s

340 1050 444 1114 Patris
471 1059 502 1116 et
527 1053 655 1117 Domini
685 1057 785 1122 nostri
817 1059 867 1121 Pii
893 1058 1004 1125 divine
1033 1057 1235 1143 providentia
1254 1059 1329 1142 Pnpe

340 1144 463 1229 Quinti,
483 1167 567 1211 enno
589 1147 659 1232 ejus
674 1151 798 1237 quinto,
815 1155 1027 1240 retroscriptae
1053 1155 1166 1217 litterae
1181 1153 1329 1238 publiontee
1364 1155 1369 1206 1'

340 1247 373 1302 ot
390 1237 490 1304 effinse
505 1240 635 1306 inerunt
652 1242 692 1306 od
715 1247 824 1312 volves
846 1249 990 1313 Basilioee
1013 1248 1166 1334 principis
1180 1248 1329 1334 Apostolo-

339 1352 423 1413 rum,
441 1354 478 1397 eo
493 1331 695 1402 Conoeilariae
719 1341 910 1424 apostolioae,
929 1353 961 1406 et
978 1344 1010 1407 in
1026 1342 1094 1407 acie
1111 1341 1328 1430 CampiFlorre,

339 1434 375 1489 ut
389 1427 489 1492 moris
512 1439 570 1512 est,
597 1453 657 1516 per
675 1454 731 1498 nos
754 1436 911 1500 Joannom
926 1435 1088 1503 Andream
1106 1436 1289 1523 Rogerium,
1307 1443 1330 1496 ot
1368 1441 1369 1512 J

338 1520 549 1588 Philibertum
566 1524 705 1614 Cappuis
724 1529 887 1597 Cursores.

585 1662 688 1728 Sermo
705 1687 743 1728 nn
758 1667 946 1734 Ocrnvmnrs
961 1691 1114 1746 neersrren
1130 1691 1295 1735 consonent.
1368 1695 1369 1732 1

692 1913 702 1923 .
715 1909 1004 1934 ..mm—..2

688 2118 996 2205 Qfflffl

539 2331 589 2408 ort
599 2344 817 2430 perpetuom
836 2343 892 2415 rot
909 2346 1142 2422 promonens.

380 2597 459 2662 Cum
472 2597 704 2664 sanctissimum
716 2601 921 2670 Euelraristiee
935 2608 1189 2697 Sacramentum,
1207 2637 1270 2703 quo
1285 2635 1333 2677 nos

335 2691 477 2762 Christus
504 2692 658 2769 Dominus
681 2695 760 2759 seori
788 2697 836 2761 sui
859 2698 1007 2788 Corporis
1031 2708 1204 2794 participes
1226 2709 1331 2788 effecit,

335 2797 430 2872 etque
457 2782 541 2872 apud
565 2809 622 2851 nos
649 2810 749 2876 usque
772 2790 813 2854 od
829 2800 1136 2868 consummationem
1152 2806 1257 2870 saeouli
1272 2827 1333 2890 por·

334 2901 464 2944 manere
480 2878 633 2965 decrevit,
648 2885 821 2957 maximum
834 2889 874 2953 sit
889 2894 1032 2958 omnium
1048 2897 1330 2980 Sacramentorum,

335 2971 478 3050 illudque
492 2974 524 3036 in
541 2997 628 3040 secra
645 2978 739 3042 Missa
754 2983 950 3067 conficietur,
968 3011 1005 3054 ee
1017 3013 1075 3076 pro
1090 2997 1231 3078 peccetis
1246 2995 1333 3061 totins

334 3069 442 3153 populi
458 3069 526 3132 Deo
540 3071 626 3135 Petri
643 3071 814 3141 offeretur:
832 3100 907 3145 sene
923 3085 1054 3150 omnino
1070 3091 1266 3172 conveniens
1281 3099 1331 3168 ost,

333 3171 369 3225 nt
395 3161 449 3247 qui
466 3183 576 3229 ornnes
598 3187 698 3232 unum
725 3193 833 3237 sumus
859 3176 892 3240 in
919 3199 984 3244 uno
1016 3163 1334 3275 eorpo'rffq‘nffl'o'st

332 3256 483 3340 Ecclesia,
500 3268 532 3323 et
548 3258 588 3324 do
604 3281 668 3326 uno
685 3264 745 3329 Cor
769 3289 823 3332 ore
907 3273 955 3288 '⁰
1013 3274 1127 3343 rtioie
1186 3303 1213 3364 s,
1229 3303 1291 3345 una
1307 3287 1334 3340 ot

332 3349 444 3417 eedem
460 3349 608 3420 celebren
634 3381 643 3420 r
660 3371 794 3445 retrone,
807 3365 967 3454 uniusque
982 3372 1076 3437 officii
1094 3386 1127 3440 et
1139 3377 1220 3440 ritus
1235 3377 1334 3440 obser·

304 3467 305 3470 ’
330 3447 457 3512 vatione
473 3448 506 3510 in
521 3450 583 3514 hoe
599 3452 753 3520 ineffabili
775 3469 806 3522 et
828 3463 994 3528 tremendo
1016 3469 1179 3535 Seorifioio
1199 3482 1333 3535 utemur.

330 3539 424 3621 Quod
436 3563 509 3606 oum
526 3548 648 3610 romani
658 3551 827 3617 Pontifices
844 3557 1092 3640 predecessores
1103 3566 1203 3630 nostri
1216 3585 1335 3648 semper

329 3635 479 3720 optarint,
507 3649 602 3725 atque
629 3644 660 3707 in
688 3645 749 3711 hoo
764 3647 819 3712 diu
835 3655 1037 3743 multumque
1053 3657 1253 3741 desederint,
1273 3671 1334 3724 tum

328 3728 362 3792 in
389 3732 500 3814 primis
525 3734 580 3799 iel.
609 3761 673 3804 ree.
698 3743 773 3808 Pius
799 3748 886 3832 Papa
900 3751 941 3818 V.
959 3754 1085 3819 Missele
1101 3777 1271 3821 romanum
1299 3775 1333 3818 ox

329 3819 458 3890 decreto
474 3829 555 3892 sacri
571 3829 704 3896 Coneilii
719 3836 894 3904 Tridentini
915 3843 954 3908 ad
972 3857 1113 3912 retorem
1137 3860 1169 3914 et
1188 3846 1333 3913 emenda·

328 3915 442 4026 tiopem
456 3942 601 3990 normam
616 3929 751 4012 restitui,
768 3935 942 4024 Romeeque
959 3941 1099 4028 imprimi
1115 3945 1254 4009 curavit.
1272 3941 1330 4022 Qui

328 4021 386 4074 otsr
401 4017 509 4083 multis
524 4023 694 4106 propositis
710 4028 811 4111 pennis
831 4035 1030 4102 severissime
1045 4037 1176 4116 caverit,
1196 4059 1238 4102 no
1256 4033 1329 4124 qnid
