2754 4740
334 261 395 322 llil
617 285 703 325 airus
725 285 913 326 caesaream
936 289 1060 330 nrssau.

377 385 408 446 t.
434 384 470 446 ln
486 385 579 448 Missa
605 385 739 448 solemni
763 383 977 452 subdiaconus
1004 391 1088 452 circa
1108 389 1202 454 finem
1219 389 1322 451 ultime

332 479 484 543 orationis
500 480 613 564 accipit
636 480 792 545 ambabus
813 483 960 546 manibus
981 483 1100 547 librum
1117 485 1325 568 Epistolarnm,

332 569 481 638 deferens
497 575 587 638 illurn
599 595 695 660 supra
711 585 832 658 pectus,
851 586 883 638 et
906 576 988 640 facta
1004 579 1096 641 altari
1120 577 1327 663 genuflexione

333 669 365 731 in
388 666 506 746 medio,
536 667 625 732 vadit
647 667 687 733 ad
711 679 833 753 partem
860 670 1007 754 Epistola
1033 683 1143 736 contra
1171 674 1277 752 altare,
1304 679 1328 731 et

331 772 438 826 cantat
452 762 639 847 Epistulam,
656 783 751 848 quam
766 763 1034 828 etiamcelebrans
1050 766 1178 828 interim
1188 765 1329 828 submissa

332 876 410 920 voce
426 857 515 942 legit,
533 855 698 920 assistente
722 856 782 921 sihi
799 857 933 920 diacono
951 857 1113 938 adertris,
1133 871 1164 923 ct
1181 861 1254 922 item
1266 857 1329 922 Gra-

331 951 439 1032 duale,
456 953 616 1033 Tractum,
635 961 696 1014 etc.
712 951 865 1037 usquead
881 953 1061 1016 Mttndaeor
1075 953 1329 1036 meurtaEpistola

330 1057 467 1126 cantata,
485 1043 791 1110 subdiaconuslacit
801 1047 917 1110 iterum
930 1047 1189 1134 genuflexionem
1206 1047 1291 1112 altari
1304 1046 1329 1105 in

331 1139 450 1224 medio,
462 1163 498 1206 ac
512 1137 595 1203 redit
611 1139 650 1203 ad
667 1141 895 1219 celebrantem,
907 1153 937 1206 et
950 1141 1168 1227 genuflectens
1181 1143 1329 1205 osculatur

331 1236 401 1321 ejus
412 1257 555 1316 manum,
574 1245 606 1297 et
621 1235 661 1298 ab
678 1257 715 1298 eo
732 1233 946 1317 benedicitur,
965 1247 1178 1322 praeterquam
1196 1238 1229 1298 in
1242 1233 1329 1297 Missis

330 1332 572 1394 Defunctorum.
588 1328 591 1334 ’

375 1431 407 1492 5.
431 1431 545 1492 Postea
559 1426 643 1489 idem
653 1424 1127 1511 subdiaconusacoipitMissale
1138 1426 1329 1498 celebrantis,

331 1520 490 1596 defeated
508 1542 608 1585 cornu
619 1522 784 1606 Evangelii
799 1522 829 1584 in
853 1522 956 1597 altari,
975 1532 1005 1585 et
1021 1522 1067 1584 ibi
1085 1523 1245 1585 ministrat
1258 1521 1331 1583 cele-

332 1617 448 1694 branti,
465 1617 519 1702 qui
537 1617 568 1678 in
585 1613 692 1678 medio
708 1617 815 1680 altaris
835 1616 991 1680 submissa
1012 1629 1091 1681 vnce
1115 1615 1202 1680 dicto
1227 1613 1332 1677 ,hettelo

330 1734 381 1774 cor·
395 1731 508 1790 att-eum,
524 1722 594 1794 eta,
619 1707 790 1796 etdeinde
816 1713 898 1774 lecto
920 1712 1107 1796 Evangelio,
1127 1709 1215 1796 quod
1234 1711 1265 1772 in
1279 1710 1331 1770 tine

330 1827 394 1868 non
409 1805 580 1882 osculatur,
598 1803 705 1868 delato
721 1805 816 1869 etiam
830 1826 888 1890 per
911 1802 1081 1869 diaconum
1097 1803 1182 1870 libro
1196 1805 1332 1886 Evange-

330 1900 445 1962 liorum
462 1896 501 1961 ad
511 1899 621 1978 altare,
632 1899 941 1981 imponitincensum
951 1898 984 1960 in
997 1896 1212 1962 thuribulum.
1229 1897 1332 1959 Postea

330 1993 483 2058 diaconus
496 1991 686 2079 genuflexus
697 2003 770 2056 ante
787 1994 896 2074 altare,
915 1988 1011 2054 dicit:
1028 1989 1146 2052 Mundo
1161 2011 1213 2052 ror
1229 2007 1329 2065 mettin,

330 2099 361 2152 et
377 2087 536 2172 accipiens
551 2087 668 2150 librum
695 2087 943 2172 Evangeliorum
966 2082 1006 2146 de
1022 2083 1126 2160 altari,
1150 2083 1233 2167 petit
1246 2081 1331 2144 bene·

330 2180 504 2246 dictionem
520 2203 537 2244 a
554 2180 736 2244 celebrante
759 2181 906 2244 similiter
926 2179 1115 2264 genuflexus
1136 2172 1330 2260 insuperiori

330 2276 432 2360 gradu
457 2277 585 2342 altaris:
616 2287 647 2340 et
670 2278 810 2340 osculata
841 2277 926 2338 illius
948 2294 1056 2351 manu,
1086 2269 1330 2356 praecedentibus

329 2372 534 2437 thuriferario
558 2382 589 2434 ct
605 2369 731 2435 duobus
747 2372 900 2455 acolythis
916 2390 989 2432 cnm
1004 2366 1189 2432 candelabis
1200 2363 1331 2430 accensis

329 2466 369 2532 de
393 2464 563 2531 Credentia
586 2468 732 2549 sumptis,
749 2465 838 2529 vadit
860 2486 933 2528 cum
953 2460 1185 2526 subdiaconoa
1206 2456 1332 2523 sinistris

328 2563 369 2627 ad
397 2564 501 2625 locum
521 2561 687 2646 Evangelii
711 2571 820 2624 eontra
843 2562 942 2624 altare
965 2579 1075 2621 versus
1097 2559 1266 2642 populum,
1283 2551 1331 2614 ubi

328 2654 526 2720 subdiacono
543 2653 662 2716 librum
686 2663 826 2735 tenente,
844 2652 951 2734 medio
969 2654 1051 2715 inter
1075 2649 1156 2714 duos
1178 2647 1331 2733 acolythos

329 2759 474 2813 tenentes
499 2746 693 2812 candelabra
717 2769 861 2828 accensa,
886 2747 983 2816 dicit:
1010 2747 1164 2808 Bernices
1186 2743 1331 2806 vobiscum

326 2844 443 2930 junctis
459 2843 618 2907 manibus.
630 2841 708 2906 Cum
723 2841 816 2906 dicit:
832 2843 1008 2928 Sequentia,
1021 2854 1089 2922 eto,
1101 2840 1205 2924 signat
1221 2837 1331 2900 librum

328 2942 361 3004 in
378 2939 534 3023 principio
549 2937 726 3023 Evangelii,
740 2939 891 3014 frontem,
908 2958 942 3000 os
965 2947 997 3000 et
1012 2948 1140 3019 pectus:
1160 2943 1268 3018 postea
1289 2939 1332 2990 ter

327 3035 447 3098 librum
463 3033 617 3110 incensat,
630 3033 693 3096 hoc
708 3042 766 3110 est,
782 3034 812 3095 in
826 3031 973 3111 medio,a
986 3031 1105 3095 dextris
1115 3041 1147 3092 et
1162 3025 1330 3104 asinistris,

329 3139 362 3192 et
375 3128 580 3213 prosequitur
593 3128 804 3211 Evangelium
815 3123 937 3210 jurictis
959 3125 1119 3190 manibus.
1137 3123 1269 3186 lrtt'eeim
1285 3141 1332 3182 ce·

327 3223 467 3301 lebrans‚
484 3231 555 3306 post
568 3220 674 3284 datam
688 3219 822 3284 diacono
837 3219 1108 3301 benedictionem,
1126 3217 1291 3280 retrahens
1302 3234 1331 3275 sa

327 3318 369 3384 ad
385 3339 486 3383 cornu
499 3318 657 3402 Epistulae,
675 3316 720 3380 ibi
735 3327 796 3382 stat
805 3317 928 3402 junctis
943 3316 1104 3388 manibus.
1124 3315 1164 3378 Et
1179 3335 1252 3376 eum
1269 3309 1332 3373 dia-

208 3455 215 3462 ·
327 3434 426 3478 conus
449 3411 546 3474 dicit:
573 3411 738 3498 Sequentia
760 3413 860 3474 sancti
873 3409 1048 3494 Euonpelit',
1068 3405 1223 3473 Sacerdos
1240 3408 1330 3469 etiam

326 3509 490 3596 signatae:
509 3515 540 3570 et
550 3527 622 3569 eum
632 3505 815 3569 nominatur
827 3505 960 3583 JESUS,
975 3515 1071 3590 caput
1085 3503 1218 3567 inclinat
1229 3520 1333 3566 versus

327 3604 440 3666 altare.
467 3599 571 3663 Finito
597 3599 785 3685 Evangelio,
813 3596 962 3663 sacerdos
988 3599 1148 3663 oseulatur
1174 3597 1293 3660 librum
1316 3613 1331 3654 a

320 3693 524 3768 ,subdiacono
549 3693 611 3758 sibi
637 3691 790 3775 delatum,
808 3690 935 3758 dicens:
957 3694 1023 3757 Per
1040 3692 1213 3777 euangelica
1242 3690 1330 3762 dicto,

328 3802 396 3872 etc,
415 3798 478 3853 eta
495 3784 635 3852 ‘diacono
653 3798 701 3852 ter
715 3788 910 3853 incensatur.
929 3787 963 3850 si
979 3787 1019 3850 sit
1034 3808 1140 3851 coram
1157 3788 1289 3850 Praelato
1303 3784 1331 3845 iu

327 3905 385 3948 sua
399 3882 583 3963 residentia,
602 3883 684 3946 liber
700 3880 845 3947 defertur
865 3879 906 3944 ad
924 3883 1108 3960 Praelatum,
1131 3891 1168 3945 ut
1186 3886 1331 3966 supraet

327 3978 381 4040 ille
396 3977 588 4054 incensatur,
608 3987 641 4040 ut
656 3977 689 4040 in
705 3975 937 4040 Caeremoniali.
953 3976 1066 4039 Postea
1080 3985 1165 4039 stans
1181 3967 1213 4038 in
1229 3971 1330 4037 medio

327 4071 435 4135 altaris
449 4089 560 4135 versus
572 4069 612 4132 ad
627 4070 762 4134 Crucem
774 4071 897 4155 incipit,
921 4069 952 4131 si·
964 4067 1136 4133 dicendum
1152 4070 1205 4150 sit,
1224 4067 1327 4146 Credo,

326 4164 484 4230 stantibus
506 4172 575 4248 post
600 4184 674 4226 oum
702 4162 837 4228 diacono
864 4173 896 4226 et
922 4158 1131 4244 subdiacono,
1157 4161 1275 4225 deinde
1292 4159 1329 4222 ad
