2764 4742
653 476 721 552 VI.
737 478 791 554 De
807 473 846 554 V
846 475 963 576 iptttis

1358 67 1359 154 i

732 213 886 257 nuenton.
1352 188 1362 465 1

1356 662 1365 742 i

1356 752 1365 782 ,1

357 777 388 840 1.
413 779 459 841 De
471 776 588 863 vigilia
601 776 636 839 iit
655 774 811 856 Officium,
825 774 857 837 in
873 774 1020 839 omnibus
1033 775 1161 862 Vigiliis
1184 797 1239 863 per
1257 799 1299 841 an·
1360 787 1361 815 ¹

312 893 402 955 rrum,
416 893 487 958 quae
505 869 705 957 jejunantur,
722 869 777 932 ubi
793 868 826 932 in
841 866 1037 932 Kalendario
1064 880 1232 935 annotatur
1240 871 1297 935 hee
1364 899 1365 946 ς

312 987 375 1032 vox
389 965 526 1054 Vigiliar
543 965 602 1028 nisi
620 965 651 1027 in
673 962 726 1025 dic
743 962 869 1049 Vigiliae
896 973 1042 1027 occurrat
1060 965 1187 1030 Festum
1198 976 1303 1029 'norem
1358 1034 1362 1043 ,

313 1062 512 1140 Lectionum,
530 1061 581 1126 vel
593 1058 735 1123 Octava:
754 1067 829 1122 tunc
844 1058 930 1120 enim
951 1057 985 1121 in
1002 1058 1119 1125 Officio.
1130 1083 1243 1128 novem
1256 1063 1304 1124 Le·
1360 1074 1361 1107 ³

313 1158 454 1224 ctionum
465 1156 583 1242 legitur
598 1174 682 1216 nona
707 1155 815 1218 Lectio
844 1151 885 1216 de
900 1153 1040 1218 Homilia
1064 1156 1203 1244 vigiliae,
1230 1167 1258 1219 et
1279 1156 1306 1218 fit
1361 1145 1362 1226 Ῐ

314 1251 579 1321 Commemoratio
595 1247 635 1311 de
652 1269 689 1312 ea
703 1246 744 1311 ad
759 1246 884 1311 Laudes
896 1257 1030 1333 tantum,
1043 1272 1117 1314 cum
1139 1245 1304 1336 Airtiphona
1360 1253 1362 1328 ζ

313 1349 354 1415 ad
365 1347 569 1424 Benedictus,
587 1353 619 1408 et
630 1343 674 1420 Ji.
697 1343 797 1408 Feriae
825 1345 1022 1408 occurrentis
1046 1344 1087 1409 de
1108 1347 1269 1426 Psalterio,
1283 1355 1306 1408 et
1361 1359 1362 1414 ἵ

314 1445 464 1512 Oratione
490 1440 627 1526 Vigiliae,
650 1449 864 1526 praeterquam
888 1439 921 1502 in
936 1439 998 1502 iilis
1013 1442 1112 1506 Festis
1135 1441 1306 1528 majoribus,
1360 1444 1365 1498 t

314 1561 385 1630 quae
409 1538 542 1603 inferius
554 1536 769 1620 excipiuntur.
1359 1569 1365 1624 ᾗ,

360 1639 393 1700 2.
419 1635 450 1699 Si
467 1632 585 1717 Vigitia
598 1641 744 1694 occurrat
758 1631 791 1693 in
807 1631 985 1714 Dominica,
1006 1629 1046 1694 de
1063 1654 1100 1696 ea
1126 1633 1161 1697 fit
1177 1633 1308 1699 Officium
1360 1639 1361 1644 ’

317 1733 348 1796 iu
366 1728 517 1810 sabbato,
533 1723 621 1814 quod
636 1747 699 1789 non
716 1727 757 1789 sit
772 1725 963 1813 impeditum
986 1728 1098 1792 Officio
1124 1751 1240 1796 novem
1265 1733 1310 1794 Le·
1364 1779 1365 1810 3

316 1827 473 1892 ctionumz
492 1823 569 1909 quia
581 1833 656 1885 tunc
668 1820 708 1886 dc
723 1821 839 1908 Vigitia
854 1822 890 1886 fit
905 1832 1029 1887 tantum
1045 1823 1309 1905 commemoratio,

316 1931 353 1986 ut
367 1920 488 1984 dictum
506 1928 564 1982 cst.
589 1917 754 2002 Excipitur
769 1918 810 1982 ab
825 1919 886 1982 hac
908 1919 1021 2004 regula
1035 1920 1154 2006 Vigitia
1170 1922 1311 1986 Nativita·
1361 1923 1365 2002 χ

317 2017 368 2097 tis,
386 2026 417 2080 et
431 2014 617 2100 Epiphaniae
632 2013 760 2076 Domini
767 2037 776 2096 3
805 2035 876 2101 qnae
896 2013 921 2076 si
937 2014 1086 2078 venerint
1099 2015 1129 2077 iu
1146 2016 1310 2096 Dominica,
1364 2073 1365 2078 ,

318 2109 353 2173 fit
368 2108 408 2173 dc
425 2108 499 2187 iltis,
517 2116 553 2171 ut
567 2107 599 2169 in
613 2108 749 2192 propriis
777 2107 929 2172 Rubricis
959 2107 1087 2172 dicitur.
1114 2110 1148 2172 Si
1170 2120 1272 2174 autem
1286 2109 1311 2171 iu
1364 2157 1365 2192 Ξ

318 2205 436 2291 vigilia
448 2215 593 2267 occurrat
608 2204 737 2275 Festum
753 2204 894 2267 solemne
906 2203 1041 2288 alicujus
1056 2205 1130 2284 loci,
1145 2209 1196 2271 vel
1213 2229 1250 2271 ex
1270 2227 1312 2269 so·
1364 2249 1365 2286 3

319 2299 527 2364 lemnioribus
551 2300 633 2362 inira
664 2320 796 2376 annum,
828 2319 898 2383 quae
920 2298 1054 2361 inferius
1076 2301 1108 2362 in
1124 2301 1266 2366 Rubrica
1280 2300 1312 2364 de

318 2393 683 2460 Commemorationibus
710 2403 920 2456 numerantur
948 2393 1063 2478 (veluti
1093 2397 1119 2458 si
1146 2397 1178 2460 in
1210 2397 1313 2483 Vigilia

319 2491 418 2556 sancti
435 2490 567 2554 Joaunis
582 2490 732 2575 Baptistae
749 2488 874 2554 venerit
888 2488 1018 2551 Festum
1035 2488 1185 2575 Corporis
1201 2489 1314 2570 Christi]

319 2588 399 2650 nihil
415 2597 492 2651 tunc
508 2607 648 2671 prorsus,
667 2606 727 2648 nec
742 2583 1011 2647 Commemoratio
1030 2583 1064 2648 fit
1080 2582 1121 2648 de
1136 2585 1314 2673 vigiliacu-

319 2680 751 2769 ccptaVigiliaEpiphaniae.
778 2678 868 2742 Idem
886 2688 1032 2744 servetur
1061 2679 1192 2766 quando
1220 2683 1314 2765 aliqua

318 2777 436 2863 Vigiiia
451 2778 576 2842 uenerit
593 2777 624 2840 in
645 2774 803 2853 Adventu,
828 2772 1092 2858 Quadragcsima‚
1126 2785 1158 2839 et
1185 2777 1316 2856 Quatuor

319 2873 545 2956 Temporibusz
571 2872 657 2935 nulla
684 2871 769 2934 enim
786 2871 818 2933 in
834 2869 884 2932 his
900 2868 988 2932 feriis
999 2866 1040 2932 de
1056 2869 1175 2956 vigilia
1190 2871 1226 2936 fit
1240 2890 1316 2936 conr·

320 2967 518 3030 memoratio.

364 3061 396 3124 5.
421 3061 568 3124 Officium
585 3060 711 3145 Vigiliae
723 3059 836 3146 incipit
846 3056 887 3123 ad
900 3057 1103 3141 Matutinum,
1113 3059 1195 3124 sicut
1207 3058 1316 3124 dictum

320 3165 367 3219 est
382 3155 415 3218 in
430 3154 587 3240 superiori
602 3154 747 3218 Robrica
762 3151 802 3216 de
818 3153 936 3217 Feriis:
954 3151 1144 3216 terminatur
1164 3165 1269 3220 autem
1283 3147 1316 3214 ad

319 3251 452 3330 Nonam,
470 3249 545 3335 quia
562 3249 711 3333 Vesperee
728 3258 802 3312 sunt
818 3246 1023 3332 dclscquenti
1039 3247 1146 3312 Festo.

362 3345 394 3408 4.
410 3344 558 3408 Officium
575 3343 701 3430 Vigiliae
714 3353 815 3408 totum
829 3344 863 3408 fit
875 3341 914 3406 dc
927 3343 1019 3406 Feria
1034 3343 1229 3420 occurrenti,
1246 3341 1317 3404 utin

318 3437 490 3502 Psaiteri0:
504 3447 536 3500 et
547 3447 611 3501 tres
626 3437 794 3501 Lectiones
806 3439 959 3524 leguntur
972 3433 1013 3498 de
1028 3436 1168 3500 Homilia
1182 3438 1214 3500 in
1227 3439 1318 3501 Evan-

319 3532 439 3617 gelium
455 3531 593 3617 Vigiliae,
609 3532 693 3594 utin
711 3533 849 3618 propriis
867 3533 946 3596 locis
963 3530 1155 3616 assignatur,
1173 3555 1246 3596 cum
1269 3530 1318 3593 tri-

319 3627 379 3690 hus
394 3627 617 3710 Responsoriis
637 3624 677 3689 de
692 3628 785 3692 Feria
800 3627 993 3709 occurrenti,
1011 3623 1124 3690 ordine
1138 3627 1169 3690 in
1185 3628 1318 3694 Rubrica

320 3720 360 3784 de
386 3721 611 3807 Responsoriis
627 3719 801 3809 descripto.
822 3726 981 3788 Dicuntur
995 3723 1111 3785 Preces
1127 3723 1265 3808 ferialeS,
1292 3731 1319 3783 ct

320 3814 647 3879 Commemorationes
675 3838 872 3900 communes,
905 3817 1031 3902 aliaque
1055 3817 1163 3881 omnia
1188 3819 1268 3884 sieut
1291 3818 1317 3878 iu

319 3909 407 3971 feriis
422 3906 601 3992 Adventus,
620 3908 892 3998 Quadragesimae‚
907 3923 938 3975 et
950 3911 1097 3992 Quatuor
1110 3914 1316 3999 Temporum:

320 4000 501 4090 dequibus,
519 4002 605 4067 etde
632 4007 701 4068 ediis
728 4007 812 4072 circa
840 4002 1055 4072 ordinandum
1071 4004 1141 4090 ejus
1159 4010 1313 4087 Officium,

318 4097 478 4163 habentur
491 4098 623 4164 inferius
639 4103 774 4188 propriae
789 4104 953 4170 Rubricae.
