2806 4736
330 225 373 290 52
744 243 938 293 camararius

330 337 384 402 liet
413 337 482 400 hue
509 333 781 399 Commemoratio
818 343 892 397 ante
931 331 1275 397 commemorationem
1302 329 1336 393 de

331 432 365 496 S.
383 430 501 510 Μανία,
517 429 544 494 si
564 429 622 492 88.
638 426 769 515 Angeli,
796 430 848 494 vel
872 429 906 492 S.
932 427 1072 508 loannes
1096 426 1252 511 Baptista,
1274 435 1336 491 ente

331 523 676 591 commemorationem
694 521 735 587 de
759 525 794 588 S.
815 524 962 609 loseph3
988 523 1015 585 si
1038 519 1172 586 tandem
1204 522 1334 606 estbpo·

330 621 441 698 stolus,
458 627 530 703 post
544 616 889 682 Commemorationem
905 614 946 680 de
961 616 1020 680 88.
1030 614 1192 701 Apostolis
1206 618 1296 680 Petro
1310 625 1337 678 at

329 714 443 792 Paulo,
461 721 524 776 etc.
550 715 675 798 (quaest.
687 712 743 790 58,
757 712 818 797 2⁰).

374 805 512 889 Quando
528 807 562 871 S.
577 805 674 887 Crux,
692 808 726 872 S.
744 808 857 890 Maria,
871 807 905 870 S.
922 804 1044 890 loseph
1064 807 1117 869 vel
1130 805 1190 868 88.
1203 803 1332 889 Apostoli

331 904 445 967 Petrus
459 911 491 965 et
500 902 621 966 Paulus
633 912 708 966 sunt
719 902 956 984 Titulares,alia
967 921 1033 964 non
1045 910 1093 964 est
1105 898 1335 964 faciendaCom·

331 994 521 1061 memoratio
539 1016 597 1080 pro
615 994 775 1082 Suffragia
791 994 832 1060 de
847 998 986 1060 Patrono
998 996 1052 1061 vel
1068 995 1174 1058 Titulo
1186 993 1332 1058 Ecclesia.

374 1087 557 1156 Notandum
574 1099 692 1171 autem,
718 1092 744 1154 si
775 1092 810 1155 S.
829 1091 915 1155 Crux
937 1091 978 1155 sit
991 1089 1155 1170 Titularis,
1173 1087 1335 1174 ejusdcm·

332 1185 596 1248 memorationem
618 1184 688 1248 lieri
717 1206 783 1250 non
810 1196 933 1250 tantum
960 1186 993 1249 in
1023 1184 1135 1249 Officio
1151 1184 1272 1261 feriali,
1287 1180 1334 1245 sed

332 1277 602 1367 quandocumque
618 1291 771 1346 consueta
786 1280 868 1345 fiunt
883 1280 1055 1367 Suffragia.

375 1375 458 1437 Dum
473 1375 582 1458 plures
606 1382 680 1438 sunt
690 1375 839 1440 Ecclesiae
849 1376 981 1440 Patroni
996 1395 1054 1438 seu
1068 1374 1237 1452 Titulares,
1254 1372 1334 1436 Com·

332 1465 521 1530 memoratio
532 1463 573 1530 de
589 1466 685 1532 unico
701 1478 826 1533 tantum
838 1469 1057 1555 principaliori
1073 1468 1143 1532 fieri
1156 1466 1262 1550 debet,
1284 1465 1334 1529 nisi

332 1558 452 1641 plures,
468 1566 632 1644 tamquam
648 1581 739 1648 aeque
760 1562 955 1648 principales
969 1563 1113 1645 Patroni,
1132 1584 1190 1648 per
1218 1560 1334 1626 modum

333 1651 428 1715 unius
442 1652 474 1714 in
486 1673 551 1716 uno
564 1653 676 1719 Officio
689 1657 753 1720 sint
763 1655 882 1742 juncti,
896 1667 932 1724 ut
948 1659 1006 1722 88.
1019 1658 1181 1722 Fabianus
1195 1667 1227 1721 et
1251 1655 1334 1718 Seba-

333 1746 465 1810 stianus.

377 1841 497 1923 Quoest.
522 1843 577 1908 89.
605 1844 692 1923 Quid
713 1845 795 1930 sacto
819 1868 896 1932 opus
924 1834 1046 1935 quaudo
1073 1849 1198 1912 Festum
1213 1843 1335 1908 Patraui

334 1936 395 2000 loci
404 1937 452 2001 vel
471 1937 571 2002 Tituli
583 1939 727 2004 Ecclesiae
741 1944 875 2005 occurrit
889 1941 994 2028 aliquo
1011 1940 1061 2005 die
1080 1939 1226 2024 impedito
1241 1937 1259 2000 2

376 2031 418 2094 R.
429 2032 474 2094 1⁰.
489 2033 667 2096 Transferri
683 2031 818 2119 quidem
832 2033 931 2099 debet
941 2036 1036 2121 juxta
1048 2053 1235 2098 communes
1247 2041 1334 2095 trans·

333 2123 461 2186 lationis
476 2126 615 2211 regulas,
639 2123 697 2190 aed
712 2146 786 2189 cum
813 2137 987 2213 utrumque
1011 2127 1144 2189 Festum
1166 2124 1333 2189 celebretur
1385 2141 1386 2178 l

333 2236 406 2278 cum
419 2216 550 2301 Octava,
569 2241 641 2306 quae
656 2229 723 2283 lota
738 2230 888 2284 censetur
902 2242 967 2284 una
982 2231 1015 2285 et
1031 2218 1160 2306 propria
1175 2217 1254 2301 dias,
1266 2236 1333 2302 gau·

216 2367 219 2375 .
334 2307 389 2374 det
403 2311 586 2400 privilegio,
603 2312 692 2401 quod
708 2315 901 2400 exprimitur
925 2317 959 2380 in
983 2314 1114 2380 decreto
1137 2315 1171 2378 S.
1193 2315 1235 2378 R.
1252 2311 1284 2376 C.
1299 2309 1333 2373 15

333 2403 439 2468 Martii
463 2405 559 2488 1804,
573 2407 717 2473 scilicet:
741 2411 865 2474 Festum
888 2411 1028 2495 prudeus
1053 2410 1184 2488 Octava,
1208 2411 1237 2473 si
1250 2418 1335 2470 traus-

332 2496 413 2581 serri
430 2503 599 2585 coutiapat,
618 2512 646 2565 et
668 2502 732 2566 dies
754 2524 818 2567 uon
834 2505 980 2588 impedita
1001 2515 1141 2568 occurrat
1161 2505 1332 2587 priusquam

336 2587 453 2654 Octava
462 2591 556 2676 finem
573 2593 690 2677 taleas,
706 2597 739 2658 iu
751 2599 936 2680 repositione
942 2597 1173 2682 praeferendum
1196 2615 1256 2660 esse
1270 2592 1329 2656 aliis

334 2683 443 2763 Fastis,
460 2687 552 2749 etiam
567 2690 696 2774 majoris
718 2691 798 2753 ritus
816 2691 864 2756 uel
878 2692 1040 2776 dipuitalis
1063 2693 1155 2774 priua
1172 2687 1331 2760 translatis,

333 2798 400 2862 quc
424 2789 536 2860 tamea,
554 2781 602 2846 vel
623 2803 685 2846 aaa
705 2784 843 2868 paudeat
859 2784 988 2865 Octava,
1005 2784 1053 2850 ael
1073 2796 1144 2870 pasl
1160 2805 1227 2848 eam
1243 2794 1333 2846 traus-

332 2869 490 2957 seruutur.
520 2876 589 2938 Imo
612 2874 707 2961 juxta
730 2875 898 2944 decretum
927 2882 947 2942 7
972 2878 1161 2944 Decembris
1189 2876 1282 2953 1844,
1310 2871 1332 2934 si

334 2965 462 3029 Festum
478 2967 604 3032 habens
620 2969 775 3036 Octavam
789 2973 965 3038 Dominicae
982 2973 1024 3037 sit
1037 2971 1169 3037 affixum
1184 2979 1218 3034 et
1231 2970 1263 3032 in
1281 2964 1326 3028 die
1382 2989 1383 3022 r

334 3057 455 3125 Octava
467 3073 614 3127 occurrat
624 3066 793 3132 Dominiea
807 3068 925 3149 minor,
943 3069 1040 3134 etiam
1056 3068 1089 3132 in
1104 3067 1166 3130 hac
1180 3059 1333 3130 Dominica

334 3154 448 3236 reponi
464 3166 570 3240 posset
585 3159 728 3238 Festum,
745 3160 842 3227 modo
865 3161 935 3228 dies
950 3163 1034 3227 inlra
1055 3164 1211 3228 Octavam
1234 3173 1332 3234 omnes
1381 3193 1382 3200 1

334 3258 441 3312 essent
462 3248 622 3336 impediti.
648 3252 744 3334 Quod
766 3257 793 3318 si
815 3257 945 3321 Festum
970 3259 1056 3321 ultra
1077 3275 1170 3319 suam
1192 3252 1332 3318 Octavam

334 3341 557 3426 transferatur,
575 3347 663 3410 nullo
680 3349 817 3433 amplius
829 3348 950 3437 gaudet
961 3349 1146 3436 priuilegio.

378 3437 423 3500 2⁰.
441 3437 570 3502 Festum
593 3440 639 3505 sic
655 3444 842 3508 translatam
855 3453 903 3508 tot
913 3445 1032 3510 amittit
1053 3442 1123 3507 dies
1135 3442 1262 3507 Octava
1282 3452 1335 3498 ⁸11ae

335 3540 414 3617 quot
424 3544 635 3599 numerantur
645 3557 664 3600 a
676 3534 728 3600 die
744 3540 959 3604 translationis
969 3537 1011 3604 ad
1023 3537 1109 3602 diem
1126 3528 1333 3622 repositionis5

335 3621 417 3687 adeo
433 3635 469 3689 ut
491 3627 517 3689 si
538 3630 749 3695 transferatur
764 3634 849 3697 ultra
870 3644 994 3719 septem
1010 3632 1091 3714 dics,
1109 3627 1262 3697 celebrari
1286 3620 1334 3684 de·

336 3717 412 3781 beat
431 3719 499 3784 siue
515 3720 649 3788 Octava.

381 3807 501 3888 Quoest.
520 3813 572 3876 90.
585 3814 641 3879 Au
653 3839 724 3902 erpo
748 3821 783 3882 iu
806 3820 900 3902 die‚a
924 3841 984 3907 quo
999 3822 1124 3883 Festum
1144 3813 1276 3881 Patroni
1298 3813 1333 3869 eal

338 3904 564 3989 removendum,
581 3929 643 3972 nou
656 3910 756 3977 licebit
770 3913 878 3978 saltem
894 3913 1045 3980 celebrare
1061 3911 1199 3996 aliquam
1220 3907 1330 3970 Missam

339 3995 375 4058 de
389 3996 544 4081 Patrono,
560 4013 603 4065 est
614 4007 696 4068 euim
707 4007 838 4092 festivus
851 4012 919 4092 ejus
935 4005 1023 4071 dies?

381 4092 422 4156 lt.
446 4093 589 4159 Robrica
616 4097 750 4164 Missalis
785 4103 857 4181 (Tit.
885 4103 945 4189 Vl)
967 4101 1125 4187 permittit
1147 4109 1193 4180 ut,
1221 4083 1331 4183 quando
