2806 4736
332 197 374 260 74
487 199 488 202 ’
756 213 948 264 oumsrronss

331 322 422 386 Festa
439 315 631 395 Natiuitatis,
643 316 842 402 Epiphaniae,
859 316 1063 383 Aseertsionis
1084 317 1213 382 Domini
1230 327 1262 383 et
1273 317 1342 382 Our-

335 419 422 500 poris
440 414 569 480 Christi.
733 408 736 414 ’

379 513 576 599 Exemplum.
593 514 754 576 Ponamus
770 511 804 573 S.
819 509 1005 598 Georgium,
1016 507 1108 595 cnjus
1123 513 1252 594 Festum
1269 512 1342 574 cele-

333 611 446 676 bratur
457 608 499 673 25
510 607 642 692 Aprilis,
656 605 775 670 alieubi
798 627 865 670 esse
882 607 1057 673 Patronum
1071 606 1232 670 Ecclesiae.
1248 606 1281 669 Si
1296 603 1341 666 die

333 708 376 770 25
389 712 536 770 occurrat
545 702 712 766 Dominiea
728 701 760 763 in
776 700 878 775 Albis,
895 723 966 787 quae
983 703 1057 764 estl
1074 702 1136 784 cl.,-
1145 700 1239 787 juxta
1254 723 1339 782 regn·

334 801 379 863 las
401 797 617 863 Occurrentiae
640 795 789 859 Officium
801 795 858 857 fiet
878 793 918 857 dc
945 795 1112 859 Dominica
1133 795 1200 878 illa,
1221 797 1341 858 Festum

333 913 411 958 vero
440 892 473 955 S.
500 889 630 975 Georgii
658 899 744 952 trans
746 885 916 951 erendum
947 887 1009 951 erit
1039 889 1070 952 in
1096 891 1232 973 primam
1263 886 1340 950 diem

331 986 481 1050 liberam.
508 983 658 1048 Attamen
682 981 714 1046 vi
738 982 903 1065 praesentis
924 981 1074 1046 Rubricae
1100 993 1205 1068 potest
1231 983 1263 1046 in
1294 983 1339 1045 illa

333 1079 486 1162 Ecclesia,
508 1086 624 1161 praeter
639 1075 765 1138 Missam
783 1071 823 1137 de
844 1073 909 1158 die,
925 1076 988 1140 hoc
1011 1086 1059 1140 est
1074 1073 1114 1139 de
1131 1076 1316 1140 Dominiea
1308 1097 1336 1138 ru

339 1174 437 1257 Athis,
458 1170 578 1248 cantari
600 1179 630 1233 et
648 1171 722 1248 alia,
740 1169 856 1235 Votiva
872 1171 993 1235 scilicet
1018 1172 1168 1236 solemnis
1194 1169 1234 1234 de
1255 1171 1338 1235 Festo

334 1269 366 1333 S.
386 1268 515 1354 Georgii
538 1262 774 1329 transferendo.

333 1375 342 1412 ’-
375 1363 495 1443 Quaest.
515 1361 591 1424 155.
612 1359 772 1438 Quomodo
796 1360 977 1425 ordinando>
990 1361 1197 1426 anntVotivae
1212 1361 1338 1424 eleFesto

333 1456 547 1544 transferendo
570 1465 597 1519 et
613 1465 726 1518 cetere
751 1454 785 1518 V
783 1456 881 1534 otiuoe,
900 1456 936 1520 de
961 1455 1071 1542 quibas
1098 1459 1262 1541 questione
1283 1455 1333 1517 151

333 1565 434 1616 netum
451 1549 529 1616 eet?

375 1646 418 1711 R.
433 1645 551 1712 Votiva
566 1643 607 1707 de
621 1645 714 1706 Festo
729 1641 951 1707 transferendo
965 1643 1157 1709 celebranda
1174 1655 1221 1708 est
1236 1643 1337 1709 eodem

333 1763 462 1827 prorsus
473 1739 570 1830 modo
581 1761 618 1804 ac
630 1740 746 1806 Votiva
762 1759 820 1822 pro
836 1760 871 1801 re
884 1741 974 1826 gravi
992 1740 1188 1826 seupnblica
1201 1741 1337 1805 Ecclesiae

333 1858 429 1902 causa
445 1839 572 1923 (epraest.
590 1835 678 1919 l28).

376 1932 488 2013 Quoad
506 1941 634 1996 emtores
649 1930 782 1997 Votivas
795 1930 943 1997 facienda
962 1943 1009 1997 est
1025 1931 1199 2016 distinctio,
1217 1931 1270 1996 sed
1285 1954 1335 2017 pro

332 2027 538 2090 Orationibus
567 2036 703 2090 tantum.
734 2027 873 2106 Etenim,
902 2027 927 2089 si
955 2037 1070 2112 praeter
1091 2028 1239 2094 Votivam
1262 2029 1336 2093 celc-

331 2121 443 2184 bretnr
459 2123 552 2185 Missa
569 2121 805 2203 Conventualis,
819 2133 855 2185 nt
870 2122 902 2183 in
918 2117 1067 2186 Ecclesiis
1095 2120 1334 2199 cathedralibus,

332 2214 508 2301 collegiatis
530 2216 676 2300 aliisque,
696 2215 728 2277 in
752 2215 870 2300 quibus
889 2215 1036 2280 Officium
1052 2217 1204 2281 Divinum
1220 2216 1335 2301 publico

302 2329 303 2334 ¹
332 2310 448 2394 agitur,
458 2309 551 2374 unica
570 2319 693 2374 tantum
705 2310 815 2373 Oratio
832 2309 865 2372 in
878 2309 993 2377 Votiva
1012 2308 1149 2375 dicenda
1163 2321 1220 2388 est,
1235 2308 1335 2373 omissa

332 2403 642 2469 Commemoratione
659 2405 763 2468 Officii
790 2402 867 2485 diei,
893 2406 942 2469 cni
959 2426 1018 2489 per
1047 2406 1174 2469 Missam
1202 2405 1334 2468 Conven-

332 2498 477 2564 tualem
463 2522 532 2585 Jam
550 2500 748 2564 satisfactum
762 2509 819 2563 cst.
847 2501 883 2562 ln
907 2500 1057 2564 Ecclesiis
1074 2522 1152 2565 vero
1179 2497 1333 2586 parochia-

330 2596 430 2680 libna,
446 2606 477 2658 et
493 2596 651 2674 oratoriis,
676 2595 732 2658 nbi
756 2595 903 2659 Officium
927 2594 1055 2680 publice
1071 2617 1135 2658 nou
1154 2597 1267 2682 agitur,
1281 2593 1332 2654 illae

338 2689 694 2754 Commemorationes'
687 2711 719 2752 in
741 2688 898 2772 Votiva,
886 2700 978 2774 Juxta
1001 2689 1171 2772 Moratum,
1195 2683 1334 2752 facienda
1384 2739 1385 2748 ,

333 2793 417 2867 sunt,
436 2806 506 2869 quae
527 2784 665 2849 fierent
657 2806 689 2847 rn
710 2783 804 2846 Festo
820 2785 967 2862 solemni,
984 2784 1106 2848 seilicet
1121 2783 1162 2847 de
1173 2785 1262 2848 Festo
1276 2784 1328 2845 Dn-

333 2877 419 2960 plici,
431 2877 650 2964 Semiduplici,
664 2879 844 2961 Dominiea,
861 2879 978 2944 Octava
990 2878 1192 2965 privilegiata
1209 2888 1239 2941 ct
1252 2873 1384 2940 Feria

333 2971 470 3056 majori;
487 2995 552 3036 non
569 2985 676 3038 antem
693 2972 733 3039 de
749 2976 870 3039 Octava
886 2974 1060 3056 communi,
1085 2975 1178 3040 Festo
1202 2968 1329 3057 Simplici

334 3085 393 3128 nee
409 3062 449 3127 de
467 3066 598 3152 Vigilia.
1382 3079 1383 3168 t

375 3160 513 3245 Reliqua
528 3161 568 3225 ad
584 3163 657 3228 istas
671 3155 804 3231 Votivas
818 3165 1012 3250 pertinentia
1029 3164 1187 3250 explicata
1200 3163 1327 3236 fuerunt,

333 3264 445 3338 quaest.
459 3256 499 3318 92
518 3266 550 3321 et
564 3258 784 3344 sequentibus.

405 3465 434 3557 ξ.
457 3464 493 3537 l.
511 3464 567 3540 De
592 3465 814 3562 antemnam
831 3466 977 3545 Vottee's
1000 3467 1264 3543 determinatis.

589 3688 663 3772 (Tit.
681 3690 738 3773 Ill,
754 3690 799 3753 IX
810 3700 841 3755 et
853 3689 958 3755 Rubr.
975 3687 1076 3774 spec).

376 3902 426 3967 nd
452 3903 548 3970 finem
574 3907 672 3995 hujus
701 3913 832 4000 eapitis,
863 3912 1013 3978 claritatis
1043 3931 1149 3991 causa,
1171 3906 1326 3993 rejecimus

331 4019 421 4063 casus
434 3999 589 4086 quosdam
601 4009 790 4092 peculiares,
800 4009 854 4094 qni
867 4017 1010 4092 spectant
1021 4004 1061 4069 ad
1074 4006 1183 4068 Missas
1196 4002 1323 4068 Votivas.

374 4095 493 4177 Quaest.
510 4099 584 4164 154.
603 4101 680 4180 Qnae
693 4106 791 4171 Misso
800 4105 950 4170 secernenda
962 4116 988 4169 et
1000 4102 1150 4190 quomodo
1166 4092 1321 4162 ordinanda
