2750 4738
292 184 355 250 tao
724 203 867 247 narnien
930 189 934 206 ‘

472 447 541 524 VI.
566 449 622 524 Do
639 449 896 528 Transtotr'one
911 447 1114 524 Fastorum.

338 721 374 784 ln
390 715 534 782 dicendis
550 714 651 779 Missis
666 724 813 778 servetur
828 711 908 777 ordo
922 713 1080 778 Breviarii
1102 712 1142 776 do
1157 715 1284 780 Transla-

295 816 381 880 tione
394 815 558 878 Festorum
572 809 755 896 Duplioium
771 818 798 873 ct
818 807 1082 894 Semidupliciurn
1098 809 1220 897 quando
1234 833 1286 876 ma·

293 909 355 996 jori
372 909 479 995 aliquo
494 908 599 984 Festo,
622 926 678 968 sou
705 905 870 968 Dominica
893 902 1122 990 impediuntur.
1151 907 1287 970 Inecelc-

295 1002 348 1067 siis
364 1012 483 1083 autem,
498 1000 552 1064 ubi
567 999 676 1064 titulus
691 1010 738 1064 est
758 1001 910 1080 ecclesias,
929 1001 978 1063 vel
995 1021 1166 1064 concursus
1196 1001 1287 1087 populi

295 1095 335 1160 ad
354 1093 585 1161 celebrandum
599 1095 728 1159 Festum
743 1092 829 1183 quod
852 1094 1015 1159 transferri
1037 1093 1145 1174 debet,
1173 1105 1287 1182 possunt
1359 1157 1360 1172 ἶ

296 1191 415 1255 cantari
433 1188 747 1268 duaeMissae‚unade
764 1188 827 1272 dic,
837 1191 898 1254 alia
911 1188 951 1253 dc
960 1191 1072 1255 Festo:
1092 1201 1219 1277 excepta
1234 1193 1287 1255 Do·

297 1285 411 1348 miniea
425 1284 525 1370 prima
539 1282 717 1366 AdventuS,
731 1284 822 1348 Feria
838 1293 951 1372 quarta
966 1283 1127 1365 diuorum,
1141 1284 1286 1349 Dominira

296 1378 397 1465 prima
435 1377 706 1464 Quadragesimac,
747 1379 914 1442 Dominiea
939 1379 1123 1444 Palmarum
1146 1401 1214 1445 cuna
1236 1390 1288 1443 tota

297 1471 511 1537 Hebdomada
526 1472 653 1559 majori,
670 1473 836 1538 Dominica
864 1473 1132 1558 Resurrectionis,
1150 1486 1181 1540 et
1194 1474 1288 1538 Domi-

297 1568 368 1631 nica
392 1569 596 1633 Pentecostes
622 1588 697 1632 cum
728 1567 853 1632 duobus
876 1567 1084 1655 sequentibus
1113 1568 1232 1649 diebus,
1247 1566 1290 1629 dic
1360 1627 1361 1656 ,

296 1662 475 1727 Natiuitatis
490 1663 629 1748 Domini,
645 1663 841 1750 Epiphaniae,
851 1662 1066 1745 Ascensionis,
1080 1676 1112 1731 ot
1124 1666 1213 1730 Festo
1224 1662 1289 1727 Cor·
1360 1661 1361 1708 ἒ

300 1757 386 1842 poris
403 1757 531 1822 Christi.

496 2025 584 2100 VII.
606 2027 660 2104 Do
679 2025 1109 2106 Contrnemorottontbus.

342 2283 374 2345 l.
400 2280 725 2346 Commemorationes
752 2283 784 2345 io
807 2283 909 2346 Missis
929 2282 1009 2346 fiunt
1029 2281 1111 2346 sicut
1133 2282 1164 2345 in
1183 2279 1290 2344 Officio.

297 2380 343 2441 Dc
356 2379 449 2441 Festo
467 2376 609 2460 Simplici
622 2377 656 2440 fit
672 2375 939 2440 Commemoratio
954 2377 985 2438 in
999 2376 1107 2455 Missa,
1123 2371 1244 2461 quando
1259 2369 1292 2433 de

297 2496 336 2538 eo
352 2474 384 2536 in
403 2472 514 2537 Officio
529 2472 611 2536 facta
627 2483 674 2536 est
686 2473 952 2538 Commemoratis
969 2473 1001 2535 in
1016 2472 1129 2556 primis
1147 2467 1291 2554 Vesperis.

299 2566 434 2648 Quando
458 2577 565 2630 autem
581 2566 621 2631 de
635 2588 672 2631 eo
688 2567 722 2631 fit
738 2568 1005 2633 Commemoratio
1035 2577 1158 2631 tontum
1171 2563 1208 2628 ad
1223 2565 1294 2627 Lau·
1362 2647 1363 2654 ἵ

300 2661 369 2740 des,
395 2662 427 2724 in
453 2662 545 2725 Missa
569 2663 703 2726 solemni
716 2684 779 2726 non
804 2662 839 2726 fit
854 2662 1121 2726 Commemoratio
1133 2658 1172 2725 de
1187 2679 1234 2735 co,
1249 2651 1295 2718 sed

299 2758 330 2820 in
348 2757 450 2821 Missis
465 2766 587 2820 tantum
598 2759 742 2842 privatis,
755 2759 922 2844 Excipitur
932 2758 1098 2821 Dominica
1115 2759 1292 2830 Palmamm‚

299 2860 330 2915 ct
345 2849 463 2937 Vigilia
478 2851 694 2930 Pentecostes,
708 2853 740 2916 in
753 2852 869 2941 quibus
881 2853 968 2916 nulla
981 2852 1014 2916 lit
1030 2847 1293 2926 Commemoratio,

299 2947 394 3008 etiam
413 2945 444 3008 in
469 2945 570 3009 Missis
587 2947 729 3030 privatis,
756 2948 796 3011 de
819 2949 912 3012 Festo
936 2948 1079 3031 Simplici
1110 2952 1294 3018 occurrente,

299 3039 373 3103 licet
395 3039 477 3103 iacta
500 3039 540 3102 sit
558 3040 589 3102 in
606 3038 730 3104 Officio.
754 3042 801 3104 De
824 3041 990 3105 Dominiea
1014 3041 1050 3104 iit
1072 3040 1296 3104 Commemora-

300 3133 355 3211 tio‚
373 3131 502 3219 quando
527 3133 558 3194 in
576 3154 613 3196 ea
629 3134 735 3218 agitur
750 3132 791 3198 dc
803 3136 896 3200 Festo
912 3136 1050 3219 Duplici.
1068 3137 1116 3198 De
1132 3136 1248 3200 Octava
1268 3129 1297 3193 fit

301 3225 579 3304 Commemoratio‚
590 3227 718 3314 quando
731 3229 812 3292 infra
824 3230 976 3294 Octavam
989 3230 1173 3294 celebratur
1182 3221 1296 3314 aliquod

299 3322 439 3399 Festum,
450 3320 510 3382 nisi
521 3320 600 3384 illud
612 3324 740 3386 Festum
753 3323 849 3388 suerit
860 3323 901 3387 do
913 3326 1111 3408 exceptuatis
1124 3325 1157 3388 in
1168 3321 1296 3389 Robrica

300 3414 458 3479 Breviarii
485 3412 526 3477 dc
557 3416 931 3484 commemorationibus.
969 3420 1049 3483 Item
1072 3418 1204 3506 quando
1226 3414 1296 3481 intra

301 3508 453 3572 Octavam
470 3509 505 3572 fit
520 3508 561 3573 de
576 3513 754 3576 Dominica.
1070 3561 1071 3565 =

344 3605 376 3664 2.
401 3604 448 3666 De
464 3605 555 3668 Feria
572 3605 606 3670 lit
618 3607 885 3671 Commemoratio
901 3609 933 3671 in
949 3607 1114 3690 Adventu,
1128 3607 1298 3692 Quadrage·

301 3695 393 3776 sima,
426 3696 570 3776 Quatuor
596 3700 817 3784 Temporibus,
842 3703 1087 3788 Rogationibus,
1114 3717 1147 3770 et
1173 3699 1295 3790 Vigiliis,

300 3786 429 3873 quando
445 3789 536 3853 Missa
550 3789 685 3856 dicenda
699 3803 746 3858 est
757 3792 797 3857 de
809 3795 901 3860 Festo
914 3797 975 3862 illis
987 3799 1186 3884 temporibus
1200 3813 1295 3861 occur·

300 3890 403 3945 rente.
429 3881 492 3944 sed
524 3885 556 3947 in
580 3887 721 3950 ecelesiis
747 3887 983 3954 cathedralibus
1005 3903 1036 3956 et
1051 3893 1235 3978 collegiatis,
1250 3883 1295 3951 ubi

300 3975 408 4060 plures
419 3974 600 4042 sacerdotes
612 3979 754 4066 quotidie
766 3983 941 4066 celebrant,
954 3986 984 4048 in
998 3987 1112 4068 Feriis,
1126 3978 1296 4072 Rogationi·

300 4075 360 4139 bus
379 4084 410 4139 ct
425 4075 551 4162 Vigiliis
574 4077 743 4164 praedietis,
777 4104 847 4169 quae
877 4085 997 4150 babent
1020 4087 1130 4152 Missas
1153 4082 1294 4172 proprias,
