2754 4740
321 219 382 282 182
606 235 694 277 arros
719 234 908 276 cenuamrnr
933 231 1056 272 nissen.

319 350 393 404 nato
417 338 507 426 quasi
537 335 698 400 licentiam
725 329 939 398 benedicendi
972 340 1111 415 petens,
1131 334 1316 418 prosequitur

317 435 427 513 Pater,
443 441 470 495 et
485 429 596 508 attius,
614 427 678 510 †at
693 428 830 511 Spiritus
838 435 974 504 soricius,
990 421 1187 487 benedicens
1195 435 1317 490 astantes

318 535 441 610 aparte
453 523 510 588 ubi
533 543 596 587 non
614 520 704 584 adest
726 519 885 600 Pontifex,
904 517 1093 597 Cardinalis,
1113 518 1257 601 Legatos,
1272 533 1316 584 aut

316 619 467 682 Praelatus
483 613 641 703 praedicti.
655 615 688 678 Si
702 624 810 678 autem
823 613 1001 678 celebravit
1010 631 1117 674 coram
1129 612 1314 692 Patriarcha,

317 711 579 797 Archiepiscopo,
598 719 629 773 et
643 711 812 795 Episcopo,
830 719 919 772 extra
932 727 1044 771 eorum
1059 707 1263 790 provinciam,
1280 710 1317 771 ci-

318 806 460 884 vitatem,
485 804 536 868 vei
563 802 726 868 dioecesim
755 804 945 884 constitutis,
972 803 1018 864 eis
1040 800 1162 886 absque
1184 804 1246 865 alio
1273 825 1317 865 re·

316 908 439 982 speetu,
450 906 486 960 ut
498 897 612 960 ceteris
627 899 682 982 qui
699 898 868 973 intersunt,
885 915 974 959 more
991 905 1142 958 consueto
1155 894 1315 958 benedicit.

361 991 395 1054 d.
419 990 452 1054 Si
476 999 584 1054 autem
599 990 776 1054 celebravit
803 1009 860 1074 pro
882 988 1059 1066 Defunctis,
1088 983 1175 1051 dicto
1204 987 1318 1052 Placeat

318 1085 382 1164 tibi,
400 1096 508 1150 sarecto
536 1085 685 1164 Trinitas,
703 1093 861 1168 utsupra,
885 1093 916 1146 ct
932 1083 1072 1146 osculato
1089 1082 1192 1160 altari,
1210 1080 1319 1146 accedit

317 1177 359 1242 ad
389 1199 489 1243 cornu
516 1178 682 1264 Evangelii
713 1188 745 1240 et
770 1176 848 1242 dicit
876 1176 1086 1262 Evangetium
1122 1176 1156 1238 S.
1189 1176 1316 1252 loannis,

316 1274 530 1360 praetermissa
553 1271 792 1352 benedictione,
819 1293 889 1358 qus
915 1272 948 1334 in
974 1270 1076 1334 Missis
1099 1270 1317 1336 Defunctornm

317 1387 383 1432 non
398 1366 505 1431 datur.

361 1461 394 1524 5.
418 1461 522 1526 Finito
537 1461 711 1547 Evangelio
729 1462 762 1523 in
778 1461 840 1524 fine
858 1461 970 1540 Missos,
988 1463 1013 1524 si
1031 1460 1208 1524 celebravit
1225 1477 1319 1522 coram

318 1557 451 1620 Summo
465 1555 630 1635 Pontifice,
642 1553 823 1633 Cerdinale,
837 1564 870 1617 et
883 1556 1003 1642 Legato
1019 1553 1111 1618 Sedis
1127 1553 1317 1639 Apostolicae,

318 1649 371 1713 vel
385 1646 584 1728 Patriareha,
604 1647 864 1732 Archiepiscopo,
888 1659 921 1712 et
933 1649 1103 1733 Episcopo,
1122 1645 1280 1710 convertit
1293 1665 1319 1707 se

317 1738 359 1805 ad
374 1741 476 1821 illum,
493 1761 600 1805 coram
615 1761 679 1827 quo
696 1761 736 1820 ex
751 1739 911 1826 predictis
925 1742 1112 1823 celebravit,
1132 1740 1258 1805 etfacit
1276 1759 1320 1801 re·
1365 1779 1366 1810 Ξ

317 1837 495 1902 verentiam
511 1836 769 1900 convenientem.
787 1837 820 1900 Si
834 1858 897 1900 non
910 1837 1088 1901 celebravit
1102 1856 1212 1903 coram
1224 1834 1320 1919 aliquo
1365 1829 1366 1876 t

317 1928 555 2016 praedictorum,
570 1926 755 2014 hujusmodi
771 1931 986 1996 reverentiam
1002 1930 1228 2016 pretermittit.

361 2025 394 2087 6.
419 2023 544 2104 Quibus
559 2023 707 2087 omnibus
731 2023 896 2106 absolutis,
915 2026 1147 2109 extinguuntur
1161 2043 1222 2108 per
1236 2021 1320 2085 mini-

319 2126 421 2181 strum
432 2115 573 2182 candele
587 2139 596 2181 r
615 2119 742 2192 interim
755 2119 903 2183 sacerdos
914 2119 1031 2204 accipit
1040 2117 1166 2180 sinistra
1180 2115 1317 2191 Calicem,

318 2209 465 2276 dextram
480 2233 602 2297 ponens
617 2234 714 2298 super
725 2215 873 2294 bursam,
886 2235 927 2278 ne
940 2211 1061 2297 aliquid
1077 2211 1183 2292 cadat,
1197 2209 1320 2273 descen·

319 2303 367 2370 dit
378 2316 451 2371 aute
467 2305 612 2391 infimum
623 2307 759 2394 gradum
773 2309 892 2388 altaris,
918 2320 950 2372 et
972 2308 1017 2372 ibi
1029 2307 1062 2370 in
1078 2305 1187 2370 medio
1203 2314 1319 2369 vertens

317 2422 351 2465 se
367 2401 407 2465 ad
424 2398 517 2483 illud,
528 2413 623 2486 capnt
638 2401 780 2483 inclinat,
794 2404 872 2487 (vel,
887 2405 959 2466 siin
974 2411 1072 2466 coest
1086 2399 1319 2464 tabernaculum

317 2494 505 2560 sanctissimi
522 2495 731 2576 Sacramenti,
760 2497 956 2582 genuflectit)
986 2507 1019 2560 et
1038 2495 1120 2560 faeta
1134 2493 1318 2569 reverentia,
1364 2563 1365 2568 γ

318 2590 433 2675 accipit
448 2589 621 2653 Biretnma
632 2589 788 2666 ministro,
801 2600 898 2676 caput
908 2590 1062 2675 cooperit,
1076 2609 1113 2652 ae
1127 2583 1320 2674 praecedente
1364 2579 1365 2614 r

319 2685 435 2751 eodem
450 2687 607 2766 ministro,
630 2707 669 2750 eo
692 2687 788 2751 modo
807 2709 872 2776 quo
891 2699 1035 2766 venerat,
1057 2685 1142 2751 redit
1167 2683 1211 2750 ad
1233 2683 1320 2748 sueri·

317 2782 422 2862 stiam,
447 2781 576 2844 interim
592 2778 701 2845 dicens
717 2782 935 2867 Antiphonem
963 2784 1072 2848 Trium
1091 2800 1272 2865 puerorum,
1295 2785 1321 2838 et

319 2874 486 2940 Canticum
509 2873 745 2939 aeneatorum
769 2897 846 2940 vero
872 2877 913 2940 sit
933 2873 1121 2940 dimissurus
1144 2878 1321 2959 paramenta

319 2965 407 3053 apud
421 2969 520 3031 altare
540 2966 596 3031 ubi
624 2969 810 3052 celebravit,
838 2971 928 3035 finito
957 2968 1132 3056 Evangelio
1162 2963 1318 3053 praedicto,

319 3059 442 3126 ibidem
461 3062 524 3125 illis
539 3083 573 3125 se
589 3064 689 3146 exuit,
717 3076 749 3131 et
770 3064 850 3129 dicit
870 3065 1090 3152 Antiphonem
1119 3063 1234 3152 'Trium
1252 3081 1320 3145 pne·

319 3175 438 3237 rorttm,
468 3175 540 3218 cnm
569 3154 710 3239 Castico,
740 3169 773 3224 et
797 3159 867 3224 aliis
886 3157 1095 3238 orationibus,
1125 3165 1162 3222 ut
1183 3175 1242 3220 suo
1258 3156 1318 3218 ioco

318 3259 494 3336 ponuntur.
542 3269 545 3277 ·
1363 3299 1364 3328 ,

360 3345 394 3408 7.
419 3344 455 3406 In
473 3344 567 3408 Missa
588 3347 722 3409 solemni
745 3347 910 3412 celebrans
938 3347 1051 3412 eadem
1074 3365 1152 3410 voce
1179 3357 1211 3408 et
1233 3339 1318 3406 modo
1363 3329 1364 3406 i

317 3459 381 3524 quo
398 3439 431 3501 in
447 3437 549 3502 Missis
568 3438 712 3524 privatis,
745 3443 844 3505 semel
872 3451 994 3506 tantum
1017 3438 1181 3506 benedicit
1197 3435 1316 3524 populo,

314 3533 375 3618 nisi
391 3533 432 3596 sit
446 3533 634 3618 Episcopus,
652 3533 706 3598 vei
728 3534 848 3615 abbas,
873 3537 1031 3600 minim:
1060 3544 1092 3600 et
1115 3532 1203 3597 dicto
1226 3533 1318 3595 Eran-

235 3705 237 3712 Α
314 3627 398 3711 geiio
410 3621 586 3690 secundnm
601 3626 770 3708 ioannem,
788 3632 839 3694 vet
856 3631 918 3694 alio
933 3642 970 3696 ut
988 3651 1096 3717 supra,
1124 3627 1317 3692 ministrante

314 3714 512 3784 subdiacono
528 3719 659 3802 tibrum,
676 3723 702 3784 si
729 3744 809 3809 opus
825 3734 882 3806 est,
909 3723 1048 3790 discedit
1070 3743 1143 3789 cum
1173 3717 1316 3786 ministris

312 3809 426 3875 ordine
442 3822 474 3876 et
491 3812 585 3878 modo
604 3835 668 3902 quo
684 3827 829 3882 venerat.

357 3905 389 3968 8.
413 3905 587 3991 Episcopus
612 3919 718 3973 autem
748 3919 798 3975 ter
817 3910 981 3976 benedicit
1004 3915 1134 3998 populo,
1164 3914 1260 3976 etiam
1286 3909 1312 3967 in

312 3997 412 4064 Missis
425 3999 567 4084 privatis,
586 4012 621 4066 ut
635 4003 666 4066 in
684 4003 904 4070 Caeremoniaii
916 4006 1066 4071 habetur.
