2754 4740
320 153 383 216 166
603 175 690 214 anus
714 173 902 214 curiensium
926 170 1051 212 nissam.

321 276 503 361 Corporale,
524 277 574 340 vel
591 277 622 340 in
642 277 704 338 alio
728 275 831 338 Calice
855 295 911 336 seu
927 294 1001 336 vase
1018 295 1076 357 pro
1102 273 1316 339 Communione

319 373 428 456 populi
454 370 689 451 consecrandae,
717 370 856 434 Calicem
881 369 970 431 illum
987 389 1043 431 seu
1060 390 1115 432 vas
1131 368 1241 434 dextra
1262 371 1317 433 dis-

320 467 472 550 cooperit,
491 476 524 529 et
550 465 758 529 intentionem
780 486 870 528 suam
893 465 988 525 etiam
1013 461 1052 525 ad
1071 464 1139 526 illas
1155 463 1318 528 offerendas

321 571 352 624 et
372 558 602 623 consecrandas
614 559 769 644 dirigens,
784 559 862 623 dicit
877 570 1037 642 utsupra:
1054 559 1191 642 Suscipe,
1210 573 1274 638 ete,
1291 573 1319 622 nt

321 655 353 717 in
370 652 482 718 ordine
500 656 613 718 Missae.
632 655 702 734 Quo
719 651 817 731 dicto,
841 655 996 716 Patenam
1014 663 1149 739 utraque
1166 677 1258 718 manu
1281 666 1319 719 tc-

321 769 411 829 nens,
430 770 502 812 cum
515 771 553 812 ea
564 750 639 812 facit
654 749 781 834 signnm
798 748 900 811 crucis
916 767 1013 830 super
1029 747 1210 832 Corporale,
1230 759 1258 812 et
1272 747 1320 810 dc-

321 842 411 926 ponit
426 843 569 906 Hostiam
586 843 670 906 circa
686 841 828 905 medium
855 841 1022 904 anterioris
1038 843 1136 925 partis
1156 843 1321 926 Corporalis

322 945 394 998 ante
410 958 455 1018 se,
481 947 513 1000 et
537 937 691 999 Patenam
716 935 755 998 ad
782 956 910 998 manum
936 933 1081 998 dextram
1101 937 1321 1021 aliquantulum

322 1030 433 1093 subtus
450 1029 621 1114 Corporale
635 1053 644 1111 3
662 1051 771 1114 quam,
791 1039 916 1092 exterso
929 1027 1046 1110 Calice,
1065 1041 1100 1092 ut
1116 1029 1250 1110 dicetur,
1263 1051 1324 1092 eoo·

322 1124 406 1206 perit
420 1123 653 1188 Purificatorio.
669 1124 701 1186 Si
718 1135 823 1186 antem
841 1121 923 1186 adsit
937 1144 993 1186 vas
1009 1145 1065 1185 seu
1078 1123 1167 1187 Calix
1179 1145 1250 1187 cum
1265 1126 1323 1186 aliis

322 1218 453 1296 Hostiis,
467 1220 571 1302 ipsum
585 1218 728 1302 cooperit
742 1218 802 1280 alia
818 1219 949 1296 Panna,
964 1220 1015 1280 vel
1031 1220 1132 1282 Palla.

368 1315 400 1375 4.
425 1311 548 1376 Deinde
567 1314 598 1376 in
623 1333 725 1377 cornu
745 1313 895 1397 Epistolae
920 1313 1035 1396 accipit
1051 1314 1202 1391 Calicem,
1226 1314 1324 1376 Parili-

324 1407 443 1470 catorio
458 1408 607 1492 extergit,
626 1417 657 1470 et
678 1407 803 1470 sinistra
827 1417 938 1470 tenens
965 1408 1049 1470 illius
1066 1407 1199 1489 nodum,
1223 1407 1325 1490 accipit

323 1503 497 1585 ampullam
520 1503 585 1567 vini
611 1500 652 1564 de
676 1523 773 1564 marcu
796 1501 946 1580 ministri,
969 1503 1041 1588 (qni
1058 1502 1221 1566 osculatur
1237 1503 1324 1584 ipsam

324 1597 509 1678 ampullam,
524 1617 586 1658 non
599 1605 706 1658 autem
715 1616 846 1659 manum
862 1596 1067 1676 celebrantis)
1081 1606 1113 1658 et
1129 1597 1218 1675 ponit
1228 1595 1325 1659 vinum

326 1693 358 1752 in
382 1689 530 1754 Calicem.
549 1689 673 1754 Deinde
692 1689 806 1753 eodem
818 1690 915 1754 modo
931 1702 1042 1755 tenens
1056 1690 1208 1772 Calicem,
1223 1688 1326 1774 produ·

326 1786 368 1848 cit
384 1785 511 1870 signnm
526 1787 628 1849 crucis
644 1807 740 1870 super
757 1787 930 1868 ampullam
948 1807 1049 1870 aquae,
1070 1795 1101 1846 et
1117 1782 1218 1847 dicit:
1241 1785 1324 1861 Deua,

326 1883 380 1966 qui
396 1881 539 1943 liumanae
554 1881 751 1958 collaterale,
768 1891 799 1942 et
811 1878 983 1943 infundens
999 1901 1112 1964 parum
1129 1900 1221 1964 aquae
1235 1881 1265 1940 in
1281 1877 1326 1938 Ca-

235 1988 236 1994 ’
325 1975 387 2037 lice
414 1977 640 2060 prosequitur:
659 1977 699 2037 da
722 1975 806 2038 nobis
820 1997 875 2058 per
892 1976 986 2059 letojus
1003 1994 1090 2058 aqrtae
1107 1985 1133 2034 el
1147 1976 1215 2036 viati
1228 1983 1327 2054 inpete-

326 2069 420 2146 rium,
436 2079 490 2130 etc.
509 2070 541 2131 Si
551 2090 626 2132 vcro
636 2068 842 2151 celebratpro
855 2067 1030 2149 Delunetis,
1046 2087 1109 2128 non
1125 2067 1202 2128 facit
1214 2067 1325 2151 signnm

328 2161 430 2224 crucis
451 2183 548 2246 super
571 2184 699 2247 aquam,
727 2160 784 2224 sed
807 2163 943 2247 imponit
957 2161 1078 2246 absque
1101 2158 1326 2236 benedictione,

328 2255 437 2320 dicens
454 2258 643 2336 orationem,
660 2268 821 2341 utsupra.
837 2269 842 2282 ⁴
1319 2317 1321 2320 ,

371 2351 403 2413 5.
430 2352 579 2436 Imposita
595 2374 678 2439 aqua
694 2353 725 2414 in
745 2351 860 2428 Caliee,
876 2351 1004 2415 etfiuita
1016 2350 1162 2413 oratione
1177 2347 1327 2433 praedicta,

329 2441 443 2528 a'ccipit
459 2467 554 2508 manu
571 2445 683 2509 dextra
697 2445 829 2509 calicem
845 2444 1083 2529 discoopertum
1099 2467 1106 2506 :
1126 2455 1157 2506 et
1167 2455 1253 2506 stans
1268 2451 1329 2504 ante

329 2539 472 2602 medium
492 2541 610 2622 altaris,
636 2541 739 2623 ipsum
765 2541 921 2603 ambabus
943 2540 1091 2603 manibus
1115 2541 1275 2602 elevatum
1295 2545 1330 2597 te·

330 2653 421 2713 nens,
439 2632 589 2698 videlicet
605 2655 678 2697 cum
693 2634 818 2696 sinistra
841 2633 969 2718 pedem,
987 2655 1059 2696 cum
1085 2631 1218 2695 dextera
1236 2623 1331 2693 antoni

329 2724 450 2790 nodum
477 2729 560 2792 infra
590 2749 738 2812 cuppam,
765 2729 894 2790 intentis
922 2725 960 2790 ad
988 2729 1091 2789 Deum
1115 2727 1217 2788 oculis
1239 2721 1330 2800 offert,

331 2817 440 2884 dicens
455 2843 462 2884 :
483 2821 650 2906 Offerimus
665 2823 730 2901 tibi,
749 2825 889 2902 Domine,
919 2834 973 2885 etc.
999 2822 1069 2900 Qua
1085 2821 1231 2883 oratione
1247 2817 1331 2888 dicta,

329 2913 406 2976 facit
421 2915 547 2998 signum
563 2916 665 2980 crucis
677 2937 749 2979 cnm
766 2915 870 2979 Calice
882 2936 978 2998 super
990 2915 1175 3000 Corporale,
1193 2923 1226 2976 et
1242 2914 1332 2995 ipsun

332 3005 365 3068 in
381 3008 488 3071 medio
503 3019 573 3093 post
583 3010 726 3072 Hostiam
740 3011 884 3090 collocat,
899 3021 931 3072 et
943 3011 1030 3072 Palla
1046 3009 1201 3092 cooperit.
1221 3000 1331 3068 Deinde

327 3099 449 3185 junctis
466 3103 613 3166 manibus
628 3126 725 3188 super
744 3106 843 3167 altare
859 3106 980 3189 positis,
999 3104 1234 3190 aliquantulum
1252 3097 1332 3162 ineli-

330 3207 425 3266 natus
452 3198 531 3262 dicit
560 3211 702 3264 secreto:
729 3202 768 3262 In
793 3203 906 3284 spiritu
930 3199 1126 3276 laurtailitotis,
1149 3212 1205 3262 etc.
1231 3201 1332 3261 Postea

333 3304 469 3370 erectus,
489 3296 616 3358 elevans
637 3296 757 3372 oeulos,
780 3315 956 3382 manusque
979 3295 1175 3380 expandens,
1193 3305 1226 3358 et
1240 3290 1333 3355 statim

331 3385 470 3472 jungens
486 3399 559 3452 ante
576 3399 685 3474 pectus
712 3389 813 3475 (quod
837 3411 964 3475 semper
982 3392 1057 3454 lacit
1073 3388 1201 3476 quando
1225 3380 1333 3471 aliquid

331 3491 381 3545 est
391 3481 630 3562 benedicturus)
643 3481 738 3547 dicit:
753 3485 787 3548 V
787 3488 847 3566 eni,
860 3487 1077 3570 aeaaetificotor,
1090 3497 1144 3549 ete.
1155 3484 1234 3548 Cum
1250 3479 1332 3543 dicit:

334 3587 361 3646 et
377 3575 508 3660 tetradio,
527 3579 631 3663 signat
653 3599 750 3642 manu
773 3576 884 3643 dextra
911 3581 1124 3644 communiter
1146 3600 1243 3664 super
1263 3575 1335 3637 llos·

329 3669 411 3732 tiam
428 3683 458 3735 et
476 3671 626 3750 Calicem,
644 3672 771 3737 sinistra
787 3675 889 3758 posita
903 3697 1000 3760 super
1015 3676 1128 3738 altare.

331 3815 332 3818 ,
380 3767 411 3826 6.
436 3766 515 3828 Tum
527 3765 648 3850 junctis
661 3777 734 3831 anto
750 3779 860 3852 peetus
876 3769 1035 3850 manibus,
1050 3767 1172 3832 accedit
1189 3763 1230 3829 ad
1246 3779 1332 3826 cornu

335 3858 494 3940 Epistolae,
512 3861 567 3923 ubi
583 3872 679 3941 stans,
698 3863 842 3926 ministro
857 3886 973 3951 aquam
990 3862 1158 3938 fundente,
1178 3863 1263 3924 lavat
1277 3874 1335 3917 me-

336 3951 444 4033 nus,id
454 3956 733 4032 est,extremitates
743 3956 917 4043 digitorum
930 3960 1051 4044 pollicis
1065 3968 1096 4020 et
1108 3951 1334 4034 indicis,dicens

335 4050 514 4113 Psalmum:
528 4051 647 4115 lavato
661 4055 741 4114 inter
752 4055 937 4135 imaocentea,
948 4077 1020 4119 curn
1038 4053 1146 4118 Gloria
1160 4052 1262 4130 Patri,
1273 4057 1335 4114 etc-‚¹
