2780 4726
345 205 408 270 156
629 221 716 266 airus
742 223 930 270 catenatam
955 227 1080 270 nissen.

389 328 421 391 5.
446 327 482 390 ln
495 326 587 389 Missa
596 324 730 388 solemni
746 325 872 391 Missele
880 340 1025 414 apertum
1033 349 1131 413 super
1145 329 1258 409 altare,
1267 329 1342 392 Calin

344 445 421 490 vere
435 430 467 485 et
477 421 541 484 alla
554 419 731 484 necessaria
744 433 964 506 praeparentur
979 423 1011 486 in
1024 419 1195 486 Credentia
1204 435 1343 508 cooperta

344 519 455 597 linteo,
472 522 645 599 antequam
669 512 817 578 sacerdos
832 516 940 582 veniat
962 515 1004 580 ad
1026 517 1138 580 altare.
1156 517 1228 600 lpse
1249 527 1344 581 autern

345 607 489 696 procedit
504 628 577 672 cum
589 604 735 691 diacono,
753 619 785 673 ct
797 607 1004 692 subdiacono,
1022 609 1078 696 qui
1091 608 1194 694 capite
1205 620 1344 695 cooperto

344 703 439 770 simul
455 722 528 766 rum
544 720 583 763 eo
594 709 705 766 tenent
720 721 831 767 manus
842 703 971 790 junctas
986 712 1059 767 ante
1075 713 1198 787 pectus,
1217 704 1343 790 acolythi

345 820 422 865 vcro
442 805 514 860 ante
533 817 587 860 eos
599 793 749 861 dclcrunt
761 796 954 863 carrdelabra
967 819 1040 862 cum
1048 794 1189 862 candelis
1201 799 1341 880 accensis,

344 914 415 981 quaa
432 887 549 955 deiude
562 893 757 956 collocantur
772 914 868 977 super
884 891 1074 957 Credentia:
1093 903 1124 956 et
1148 914 1221 958 cum
1239 915 1343 977 pervc-

347 987 430 1052 nerit
444 996 517 1050 ante
533 983 677 1048 infimum
693 984 828 1072 gradum
844 989 963 1070 altaris,
983 987 1027 1051 ibi
1045 985 1170 1050 medius
1185 989 1270 1051 inter
1284 986 1345 1049 dia·

347 1101 463 1148 conum
478 1102 497 1144 a
511 1077 643 1161 dextris,
669 1090 699 1144 et
716 1077 949 1146 subdiaconum
975 1103 993 1146 a
1009 1081 1157 1158 sinistris,
1183 1091 1345 1167 antequam

350 1173 502 1241 ascendat
522 1172 562 1239 ad
584 1174 696 1257 altare,
714 1175 790 1240 lacit
809 1197 882 1241 cum
900 1177 977 1264 ipsis
995 1178 1045 1260 (ut
1063 1174 1159 1256 inira)
1182 1174 1347 1240 Confessio·

351 1291 438 1336 nem.

394 1365 426 1430 6.
453 1367 489 1429 In
505 1362 599 1428 lllissa
614 1361 787 1449 pontificali
809 1365 916 1430 omnia
931 1375 1111 1442 serventur,
1128 1373 1165 1426 ut
1176 1363 1209 1427 in
1226 1364 1348 1429 Pontifi-

348 1461 407 1526 eali
425 1471 456 1526 et
471 1457 688 1525 Caeremoniali
703 1457 850 1524 Romano
866 1459 1047 1542 ordinatur3
1062 1457 1154 1544 eujus
1164 1459 1349 1523 Pontificalis

348 1551 494 1620 ordinem
509 1553 695 1639 Episcopus,
713 1553 908 1636 sirerlbbas,
918 1566 953 1619 ut
969 1576 1076 1640 supra,
1091 1574 1268 1641 numquam
1280 1576 1347 1640 pra·

351 1649 514 1732 termittat,
537 1645 807 1736 quandocumque
835 1673 908 1715 eum
934 1649 1069 1716 diacono
1101 1659 1133 1713 ct
1160 1649 1349 1714 subdiacono

351 1745 470 1831 paratis
482 1743 635 1810 celebrat.

450 2005 529 2098 iil.
548 2009 603 2085 De
614 2011 804 2110 principio
824 2007 962 2104 Misso,
983 2018 1017 2084 et
1033 2009 1269 2108 Conlessr'one

763 2133 948 2226 (ociando.

402 2412 429 2479 l.
447 2409 602 2477 Sacerdos
613 2411 834 2498 cumprimum
846 2409 1048 2478 descenderit
1060 2410 1120 2475 sub
1133 2409 1351 2498 infimumgra·

353 2506 430 2572 dum
456 2508 576 2585 altaris,
601 2508 758 2571 convertit
779 2529 814 2570 se
835 2505 875 2570 ad
900 2507 1003 2592 ipsum
1025 2508 1135 2584 altare,
1154 2505 1209 2569 ubi
1226 2515 1310 2569 stans
1325 2505 1350 2566 in

354 2602 472 2680 medio,
485 2599 605 2687 junctis
621 2601 768 2665 manibus
788 2611 860 2664 ante
877 2611 998 2686 pectus,
1027 2600 1164 2664 extensis
1187 2609 1219 2662 ct
1245 2600 1353 2686 junctis

354 2696 474 2783 pariter
491 2693 611 2781 digitis,
631 2709 660 2758 et
674 2696 788 2781 pollice
803 2685 915 2759 dextro
928 2715 1025 2780 super
1034 2693 1195 2757 sinistrum
1215 2695 1313 2777 posito
1329 2694 1354 2754 in

355 2789 486 2855 modum
510 2790 622 2871 crucis,
641 2788 741 2876 (quod
768 2811 893 2874 semper
909 2798 1055 2853 servatur
1077 2785 1205 2874 quando
1218 2786 1355 2872 jungun-

355 2895 407 2950 tur
421 2905 545 2965 manus,
560 2895 771 2970 praeterquam
788 2893 858 2969 post
870 2880 1161 2964 consecrationem)
1174 2879 1299 2944 detecto
1315 2902 1354 2942 ca·

357 2978 436 3064 pite,
461 2979 542 3042 iacta
566 2979 651 3062 prius
676 2977 769 3042 Cruei
795 2980 845 3043 vel
869 2977 960 3041 altari
981 2975 1139 3061 profunda
1163 2977 1353 3053 reverentia,

356 3073 421 3152 vel,
436 3072 460 3134 si
474 3073 504 3134 in
514 3094 550 3134 eu
563 3073 851 3137 sittabcrnacnlum
861 3070 1049 3136 sanctissimi
1059 3071 1273 3152 sacramenti,
1284 3071 1355 3132 lacta

357 3165 594 3251 genuflexione,
611 3175 735 3230 erectus
752 3166 863 3250 incipit
878 3166 1016 3228 Missam.

401 3261 433 3324 2.
459 3261 491 3323 Si
508 3261 725 3324 celebraturus
752 3261 792 3323 sit
817 3281 924 3328 coram
947 3259 1079 3322 Summe
1095 3257 1261 3334 pontifice,
1286 3255 1356 3319 sistit

358 3373 390 3416 sc
406 3365 478 3418 ante
494 3353 637 3418 infimum
654 3352 788 3440 gradum
806 3355 912 3417 altaris
938 3374 957 3416 a
982 3371 1083 3414 cornu
1109 3352 1275 3438 Evangelii
1291 3359 1355 3412 aitte

356 3447 461 3533 ipsum
472 3447 668 3529 Pontificem,
683 3448 739 3511 ubi
751 3447 938 3534 genuflexus
952 3455 1113 3531 expectat;
1128 3455 1258 3529 accepta
1272 3445 1356 3509 benc·

357 3538 508 3624 dictione,
523 3543 618 3628 erigit
628 3564 673 3620 se,
688 3551 720 3606 et
734 3553 819 3607 stans
835 3541 1068 3628 aliquantulum
1081 3561 1191 3604 versus
1201 3537 1242 3602 ad
1256 3541 1355 3615 altare,

359 3636 470 3721 incipit
493 3635 630 3700 Missam.
660 3635 693 3699 Si
716 3648 823 3699 autem
846 3637 886 3699 sit
908 3655 1015 3699 coram
1043 3631 1216 3717 Cardinali,
1248 3635 1355 3718 Legato

360 3727 452 3792 Sedis
467 3729 667 3814 Apostolicae‚
685 3739 740 3793 aut
754 3730 949 3810 Patriarcba‚
967 3728 1229 3812 ArcbiepiscopO,
1248 3738 1280 3790 et
1293 3725 1356 3810 Epi·
1384 3805 1385 3810 η

359 3843 455 3906 scopo
473 3824 630 3886 incorum
647 3822 838 3908 residentiis,
856 3825 908 3889 vel
931 3824 1001 3887 loeo
1013 3819 1259 3906 jurisdictionis,
1284 3829 1356 3884 stans

361 3926 434 3980 ante
450 3917 591 3981 infimum
609 3915 743 4004 gradum
760 3941 778 3983 a
793 3939 893 3983 cornu
907 3917 1072 4001 Evangelii
1087 3926 1239 4000 utsupra,
1255 3934 1357 3999 expec-

361 4019 427 4093 tat3
453 4009 527 4076 dato
549 4014 651 4098 signe,
670 4011 746 4076 iacit
773 4009 964 4099 profundam
985 4009 1199 4076 reverentiam
1222 4011 1355 4086 Praelato,

250 4160 252 4165 .
362 4113 394 4170 et
407 4127 518 4170 versus
533 4104 572 4170 ad
589 4108 687 4170 altare
704 4105 815 4192 incipit
830 4106 969 4170 Missam.
