2754 4740
338 213 548 277 'rrnuenrcss
570 235 744 280 snevrsuu.
1021 213 1059 276 Ἃ

1127 317 1145 353 .
1201 263 1361 354 aas

57 335 196 416 celiel,
215 336 265 399 uel
285 340 406 419 majore
425 347 488 399 etc:
518 336 671 420 quodnam
695 347 767 400 tunc
792 337 916 400 Festum
937 333 1108 421 potiore*
1135 331 1186 418 Γ
1252 421 1256 431 ¹
1299 389 1324 419 Ι,
1339 337 1366 426 d

58 432 253 518 iubebitjura
273 429 640 517 utulteripraeferutur?
1139 426 1194 624 p
1223 427 1229 445 ·
1262 422 1273 438 ⁶
1299 424 1303 432 ·

1200 429 1220 460 Ύ

92 527 131 590 R.
149 527 192 588 1⁰.
212 527 249 588 ln
270 525 405 610 paritate
425 525 504 588 ritus
521 533 554 587 ct
569 523 676 588 classis
690 523 886 590 attendenda
898 536 945 590 est
958 526 1060 610 primo
1090 531 1146 580 ‘rut
1217 476 1366 626 'sulii

58 620 181 706 qualitas
191 620 288 697 Festi,
300 641 377 682 uum
386 618 508 683 scilicet
540 621 703 682 rimorium
716 621 756 684 sit
768 621 819 686 vel
831 620 1060 694 seerrnclorium,
1074 552 1217 703 §cndu
1233 597 1286 682 lu
1297 597 1366 712 teda

56 716 124 778 huic
142 715 227 776 enim
251 713 331 777 illud
358 713 538 798 praefertur.
565 697 715 778 Xttamen
746 736 810 778 non
834 726 879 778 sta
906 701 998 777 lacrle
1015 722 1062 776 est
1086 701 1189 816 paul*
1207 707 1365 790 idn&

56 808 262 871 determinare
293 817 401 871 utrum
428 808 556 871 Festum
587 804 717 893 aliquod
744 808 784 871 sit
813 807 1003 893 primarium
1018 827 1060 869 an
1081 793 1257 938 alpw-
1269 799 1366 880 usati.

57 899 283 983 secundarium3
297 900 337 965 ad
350 903 412 965 hoc
424 898 704 966 determinandum
718 899 950 965 recurrendum
961 910 1008 964 cst
1018 897 1059 963 ad

57 995 175 1060 decreta
190 997 295 1060 Sacra
305 997 439 1062 Rituum
452 996 727 1083 Congregationis.
746 998 834 1062 luter
844 997 906 1062 alia
920 993 1061 1058 declara·

57 1100 116 1154 tum
138 1099 186 1153 est
214 1091 343 1155 Festum
360 1092 418 1155 SS.
444 1090 556 1154 Cordis
587 1093 664 1155 Jesu
688 1113 756 1156 csse
781 1090 909 1156 Festum
931 1089 1059 1153 Domini

57 1184 273 1249 secundarium
289 1196 425 1250 tantum.
443 1187 527 1251 Hinc
556 1187 588 1250 in
619 1187 831 1252 Occurrentia
857 1183 954 1269 hujus
975 1183 1059 1247 Festi

56 1279 188 1362 Duplicis
205 1278 336 1364 majoris
361 1301 435 1344 curn
460 1282 553 1344 Festo
569 1282 604 1345 S.
620 1282 789 1361 Barnabae,
821 1281 916 1344 etiam
932 1276 1059 1361 Duplici

56 1372 172 1456 majori,
197 1375 350 1457 praevalet
365 1375 493 1439 Festum
520 1377 555 1439 S.
572 1375 715 1461 Apostoli
732 1386 842 1460 utpote
860 1373 1058 1459 primarium.

91 1467 246 1530 Itaetiam
260 1468 479 1533 Patrocinium
508 1471 547 1533 Β.
565 1471 677 1549 M.V.‚
705 1469 923 1534 Patrocinium
951 1467 985 1530 S.
1002 1465 1060 1529 Jo-

55 1561 136 1644 seph,
160 1562 290 1624 Festum
312 1563 537 1628 Pretiosissimi
558 1565 728 1650 Sanguinis
742 1566 782 1629 D.-
806 1563 844 1627 N.
872 1562 905 1626 J.
923 1561 960 1626 C.
987 1568 1062 1623 sunt

55 1654 136 1718 Festa
151 1654 353 1720 secundaria.

90 1747 271 1814 Notandum
287 1748 437 1837 estquod
455 1752 513 1815 ista
529 1749 690 1815 distinctio
707 1751 791 1814 iuter
802 1750 930 1812 Festum
946 1747 1060 1830 prima·

55 1843 128 1907 rium
148 1854 180 1908 et
195 1841 421 1908 secundarium
433 1843 580 1909 iacienda
606 1855 730 1909 tantum
742 1846 782 1908 sit
797 1863 854 1928 pro
870 1840 1059 1924 Duplicibus

56 1937 69 1998 l
96 1937 194 2018 ct.,2
225 1937 267 1999 cl.
298 1947 330 2000 et
351 1936 539 2023 majoribus,
569 1960 632 2002 non
648 1950 756 2004 autem
784 1958 841 2022 pro
867 1933 1059 2019 Duplicibus

55 2031 248 2100 minoribus„

92 2125 134 2188 2⁰.
158 2123 263 2205 Quod
289 2122 314 2188 si
344 2135 516 2212 utrumque
532 2127 660 2191 Festum
690 2127 732 2190 sit
760 2123 904 2211 ejusdem
934 2123 1013 2185 ritus
1029 2129 1060 2182 et

55 2219 217 2302 qualitatis,
236 2215 429 2283 attendenda
452 2230 500 2284 est
522 2223 672 2306 dr'pnites.
686 2223 819 2284 stainans
836 2237 989 2303 personas,
1006 2233 1059 2277 cu·

51 2309 98 2395 jus
122 2314 251 2377 Festum
281 2315 414 2377 occurit.
446 2314 551 2400 Hujus
574 2326 680 2379 autem
713 2313 877 2399 dignitatis
901 2332 957 2374 sex
986 2315 1059 2370 sunt

54 2403 172 2490 gradus,
190 2427 327 2490 nempe:
346 2409 379 2468 1ο
410 2407 500 2471 Festa
518 2410 657 2487 Domini,
691 2411 724 2472 2⁰
738 2410 777 2473 B.
808 2409 851 2471 Μ.
868 2406 923 2482 V„
941 2403 976 2466 5⁰
990 2400 1058 2464 An·

53 2502 201 2586 gaiorum,
218 2503 253 2564 4⁰
273 2503 307 2565 S.
324 2501 456 2564 loannis
480 2505 641 2589 Baptistae,
660 2507 693 2568 5ο
709 2507 742 2568 S.
769 2502 901 2587 loseph,
916 2501 949 2563 6⁰
970 2496 1057 2581 Apo-

53 2596 196 2658 stolorum
212 2606 245 2658 ct
267 2596 554 2680 Evangelistarum.
571 2597 713 2663 Tandem
730 2597 876 2686 ejusdem
892 2591 1056 2680 dignitatis

53 2699 138 2752 sunt:
157 2690 323 2776 Martyres,
341 2690 554 2772 Confessores,
572 2693 722 2780 Virgines
745 2704 777 2756 et
804 2713 866 2755 nou
893 2687 1055 2772 Virgines.

90 2783 144 2846 Ha‘.
169 2786 303 2870 Regulae
319 2784 485 2868 sufficient,
502 2787 612 2851 habita
639 2789 762 2852 ratione
778 2783 943 2851 brevitatis
960 2777 1057 2862 hujus

56 2875 262 2960 Compendii,
296 2876 336 2941 ad
368 2880 539 2945 solvendos
573 2903 664 2946 casus
690 2882 802 2947 obvios
840 2872 1055 2943 Occurrentiae

54 2969 212 3034 Festorum
230 2974 360 3059 aequalis
376 2976 455 3038 ritus
481 2985 513 3039 et
541 2977 647 3039 classis
664 2999 672 3056 3
691 2978 797 3060 plures
817 2982 924 3037 autem
939 2987 1059 3054 propo·

57 3076 167 3130 nuutur
181 3070 301 3153 regula
313 3067 399 3153 apud
411 3081 556 3135 auctores
571 3072 630 3157 (De
643 3070 756 3147 Herdt‚
769 3072 856 3134 Part.
870 3067 926 3148 lV,
941 3087 974 3128 n.
988 3059 1057 3144 29).

94 3162 161 3225 Hoc
189 3182 289 3226 uuum
313 3162 433 3228 addere
451 3165 557 3251 juvat,
584 3167 713 3230 Festum
735 3165 864 3229 Patroni
896 3162 947 3226 vel
962 3154 1058 3221 Tituli

54 3255 193 3320 Ecclesiae
221 3258 328 3322 locum
355 3257 471 3323 cedere
499 3261 533 3324 in
559 3258 932 3325 Occurrentiaomnibus
959 3251 1058 3316 Fostis

55 3369 119 3433 quae
133 3361 340 3415 recensentur
357 3353 390 3416 in
403 3353 520 3418 tabella
535 3355 747 3438 Dupliciuml
767 3356 822 3431 cl„
837 3373 908 3439 quae
923 3348 1052 3434 ponitur

54 3441 137 3508 initio
152 3445 310 3510 Breviorii
332 3457 365 3511 et
384 3459 496 3534 quast.
514 3451 557 3527 7,
575 3447 714 3536 ideoque
729 3448 842 3513 ultimo
866 3444 910 3508 ibi
928 3441 1059 3528 pon-itur

54 3537 128 3604 loco.

92 3633 208 3713 Quaest.
228 3637 284 3700 su.
306 3636 392 3715 Quid
413 3641 443 3701 si
461 3638 525 3700 dies
548 3637 635 3722 infra
653 3637 801 3703 Octavam
826 3639 966 3699 occurrat
989 3647 1058 3691 euos
1122 3686 1126 3692 ,
1167 3652 1169 3656 ·

55 3723 98 3788 die
111 3729 196 3814 infre
211 3729 305 3794 eliam
324 3729 498 3809 θειαυανη,Ι
526 3753 557 3795 υ.
584 3754 617 3815 p.
644 3732 707 3796 dies
724 3733 809 3818 infru
826 3729 975 3796 Octavam
996 3721 1055 3785 SS.

54 3819 140 3884 Petri
153 3834 180 3887 at
194 3825 296 3888 Pauli
310 3847 379 3889 euru
395 3828 443 3889 dle
458 3825 544 3912 infra
561 3825 708 3890 Octavam
723 3828 758 3890 S.
775 3818 956 3890 Remoldi?
980 3817 1057 3904 (Oe-

55 3924 120 3977 tava
136 3917 192 3980 SS.
210 3917 438 4002 Apostolorum
454 3920 565 4004 incipit
580 3922 621 3984 29
636 3922 723 3985 Junii
741 3933 772 3987 et
793 3919 983 3986 terminatur
1005 3909 1058 3973 die

56 4009 180 4092 stutii;
196 4011 317 4077 Octava
333 4036 410 4078 vero
433 4016 455 4079 S
476 4014 630 4081 Rumoldi
645 4019 858 4082 celebratura
879 4016 894 4077 1
914 4009 991 4075 Julii
1015 4002 1056 4068 ad

57 4106 73 4166 8
87 4105 228 4191 ejusdem
244 4109 388 4194 mensis).

1189 446 1196 464 Ο

1173 509 1200 531 t?

1193 538 1199 550 ι

1089 489 1102 539 Ι
