2806 4736
336 172 378 233 54
759 193 951 242 ουιετιοηε

381 287 424 351 R.
443 283 525 350 Sunt
542 292 681 370 quatuor
695 283 863 368 sequentia
877 284 970 347 Festa
985 244 1357 397 .m)

15 389 258 486 Μίθρῃ-Μ
268 355 398 471 ms.
419 379 566 486 Corporis
589 377 720 461 Christi,
743 378 801 487 Sd.
817 379 1037 463 Apostolorum
1052 380 1147 443 Petri
1161 391 1190 444 et
1203 381 1316 458 Pauli,
1328 392 1349 443 ct

14 470 443 670 sswfffflmdcstm
459 589 529 654 quae
545 567 622 630 olim
644 567 856 651 feriabantur,
870 589 929 653 per
951 569 1012 632 hoc
1039 474 1349 653 ilddlidld'prorsus

14 688 87 764 wo
112 684 231 808 &W
340 664 494 750 abrogata
508 673 595 726 suut.
622 664 686 726 Per
699 662 858 726 Patronoc
879 662 1035 746 paraclito
1050 683 1114 725 non
1131 663 1349 750 intelliguntur

59 765 96 786 '¹'
239 753 248 782 ¹
340 755 868 834 PatroniseuTitularesEcclesiae,
877 756 1059 842 licetvulgo
1068 757 1291 840 devocentur,
1301 755 1348 820 sed

341 851 472 916 Patroni
486 851 549 915 loci
566 850 687 914 scilicet
704 850 856 932 civitatis,
874 849 984 936 oppidi
1004 853 1054 915 vel
1082 852 1156 938 pagi
1171 851 1298 938 (quaest.
1315 853 1348 914 82

343 958 375 1012 et
386 947 452 1031 80).
475 945 599 1011 Deinde
611 947 712 1012 verba
726 947 800 1011 illa:
817 949 1030 1011 Patronoram
1047 947 1210 1034 cujuslibet
1222 949 1348 1011 diocesia

343 1054 371 1106 ct
379 1043 534 1127 paraclite
546 1041 591 1106 sic
605 1051 680 1105 sunt
694 1039 905 1128 intelligenda
920 1052 955 1105 ut
971 1043 1004 1104 in
1018 1043 1098 1104 locis
1110 1041 1167 1106 ubi
1181 1062 1242 1104 non
1258 1042 1347 1106 habe·

344 1148 396 1201 tur
417 1138 594 1214 Patronus,
627 1136 671 1199 ibi
696 1134 919 1199 transferenda
941 1135 982 1199 sit
1010 1136 1202 1199 Solemnitas
1224 1134 1346 1200 Patroni

341 1228 497 1314 diaecesis,
521 1229 615 1315 juxta
631 1227 716 1293 dicta
730 1239 843 1314 quast.
872 1229 924 1292 85.
950 1226 1015 1292 Sed
1033 1228 1225 1313 supponitur
1241 1230 1347 1292 Patro-

341 1345 418 1387 num
433 1322 578 1389 dioeccsis
592 1334 666 1388 ante
682 1320 845 1387 indultum
866 1322 1016 1385 habuisse
1032 1321 1235 1385 feriationem
1258 1342 1347 1385 anne-

340 1439 433 1502 xam;
451 1419 528 1482 alias
558 1418 643 1481 onim
673 1438 779 1503 nequo
793 1427 865 1502 post
880 1413 1043 1480 indultum
1069 1413 1278 1479 tranferendo
1309 1426 1347 1478 est

339 1511 411 1669 {rljtts
437 1513 641 1671 ⁸3l⁰m¹¹il³⁸’
655 1522 691 1575 ut
705 1531 796 1576 casus
822 1521 870 1574 est
885 1531 945 1594 pra
961 1510 995 1572 S.
1011 1505 1187 1590 Rumoldo‚
1214 1510 1346 1572 Patrono

363 1628 384 1669 u
402 1629 437 1670 us
479 1628 612 1672 roecesrs.

382 1629 503 1782 ἐξωθεῖ.
521 1701 574 1765 95.
589 1703 627 1763 ln
638 1722 697 1787 quo
713 1702 851 1764 consistit
866 1700 923 1763 illa
935 1697 1148 1764 Solemnitatis
1164 1697 1347 1762 translatio?

384 1799 426 1861 R.
444 1799 479 1861 In
497 1795 635 1882 eoquod
652 1791 969 1882 obligatiaaudiendi
983 1793 1111 1857 Missam
1125 1804 1156 1858 et
1173 1793 1346 1857 abstinendi

340 1893 382 1956 ab
393 1893 548 1984 operibus¹
560 1891 731 1956 servilibus
742 1891 893 1955 translata
905 1890 944 1954 sit
957 1889 1346 1984 inhominiQprfflme

242 2021 247 2032 ·
337 1997 550 2071 ww,
580 1987 612 2048 in
637 2006 701 2072 qua
729 1982 924 2048 celebranda
948 1994 995 2046 est
1017 1983 1111 2064 Missa
1133 1984 1285 2048 solemnis
1311 1981 1347 2092 dp
1393 2037 1394 2040 ,

339 2081 432 2142 Festo
460 2081 552 2166 cujus
576 2081 767 2144 transfertur
783 2079 986 2157 Solemnitas,
1003 2088 1039 2141 ut
1054 2078 1099 2142 sic
1120 2078 1273 2163 apopulo
1294 2076 1345 2140 de-

317 2128 566 2238 'ntic'iotancur
585 2174 638 2237 die
657 2173 826 2237 Dominico
858 2175 909 2236 illa
935 2172 1028 2236 Festa
1060 2193 1196 2258 quorum
1225 2171 1345 2235 feriatio

339 2266 549 2350 supprimitur
563 2269 596 2330 in
612 2289 723 2331 eorum
740 2266 792 2329 dic
809 2267 951 2352 propria.
1161 2284 1166 2292 ·

383 2362 501 2441 Quaest.
520 2363 574 2426 94.
594 2349 755 2442 Quomodo
770 2360 919 2425 celebrari
930 2360 1014 2423 debet
1029 2362 1127 2424 Micca
1140 2359 1344 2424 Solemnitatis
1392 2405 1393 2430 ÷

339 2455 497 2518 translatae
512 2459 545 2519 in
560 2458 754 2519 Dominicam
770 2454 789 2517 P
1142 2447 1146 2453 ⁵

382 2550 424 2612 R.
442 2549 538 2616 Juxta
554 2548 803 2614 declarationem
817 2548 911 2613 Card.
927 2549 1079 2634 Caprara,
1093 2552 1131 2613 21
1147 2550 1233 2613 lunii
1250 2546 1342 2614 180⁴:

339 2653 465 2704 canetur
477 2645 647 2706 cmaMissa
658 2642 802 2706 solemnis
819 2643 855 2706 de
870 2645 958 2706 Festo
972 2643 1037 2724 illo,
1056 2665 1139 2706 more
1156 2644 1263 2706 Votioo
1280 2664 1343 2705 cam

339 2738 431 2797 conica
449 2733 598 2800 Oratione
615 2761 623 2797 :
643 2739 768 2800 minime
783 2740 896 2801 omisca
922 2739 955 2798 in
985 2735 1219 2802 Catltoclralilmc
1242 2737 1343 2799 aliisae
1391 2795 1392 2800 ,

338 2828 493 2908 Ecrlcciis,
506 2833 539 2892 in
553 2830 663 2915 quibos
677 2829 821 2917 Officium
848 2828 970 2916 publice
983 2844 1108 2916 apator,
1127 2844 1154 2896 ct
1165 2833 1244 2895 adsit
1255 2830 1341 2916 cuffi-

338 2926 418 2986 cienc
435 2945 581 2988 numerus
593 2925 889 3005 ceclesiasticorum,
904 2925 1001 2990 altera
1024 2929 1122 2990 Messa
1147 2924 1343 2990 Contentuali

339 3015 374 3077 dc
387 3018 475 3079 Festo
491 3032 676 3084 occurrente.
693 3020 818 3084 Dicitur
839 3041 922 3084 moro
940 3021 974 3084 V
972 3023 1064 3098 otico,
1083 3042 1161 3108 ergo
1169 3019 1341 3084 cantabitur

337 3134 411 3177 cum
426 3112 546 3198 Gloria,
564 3116 679 3197 Credo,
708 3117 882 3204 Evangelio
900 3117 933 3182 S.
948 3118 1081 3182 Joannis
1098 3119 1131 3181 in
1144 3119 1217 3200 lirae,
1249 3118 1339 3180 etiam
1390 3183 1391 3186 Ἴ

337 3230 410 3274 cum
426 3211 520 3275 unica
534 3212 688 3276 Oratione
704 3213 789 3276 iniis
804 3212 965 3290 Ecclesiis,
983 3234 1053 3298 quae
1069 3211 1112 3292 ad
1128 3214 1252 3276 Missam
1265 3210 1339 3273 Con·
1390 3199 1391 3220 ¹

336 3306 520 3368 ventualem
537 3305 737 3392 obligantur,
755 3316 791 3369 nt
810 3306 842 3368 in
858 3306 1007 3369 Ecclesiis
1023 3304 1268 3386 cathedralibus,
1277 3304 1340 3367 col-

335 3400 461 3485 legiatis
476 3410 506 3464 et
519 3401 802 3481 conventualibus3
820 3401 852 3463 in
869 3400 1108 3485 parochialibus
1123 3422 1200 3466 vero
1215 3398 1339 3484 aliisque

336 3491 484 3559 addenda
501 3506 548 3559 est
563 3495 830 3560 Commemoratio
856 3493 999 3579 Duplicis
1025 3497 1221 3560 occurrentis
1239 3504 1267 3558 ct
1280 3495 1340 3556 Do·

336 3591 461 3654 minicae
482 3593 543 3654 sub
558 3589 706 3656 distincta
721 3591 939 3655 conclusione.
958 3590 1024 3655 Cir.
1039 3601 1151 3677 quaest.
1166 3592 1238 3655 155.

381 3683 500 3764 Quaest.
524 3685 577 3747 95.
601 3686 639 3750 Si
652 3687 816 3750 Damio-ica
828 3687 970 3769 proxime
985 3706 1113 3772 sequens
1129 3699 1173 3752 cot
1186 3686 1340 3749 [lominica

337 3775 410 3842 rcl.
434 3797 502 3862 qam
527 3781 627 3863 rejicit
642 3778 852 3865 quodcumqae
871 3781 996 3841 Festum
1016 3801 1188 3854 occurrens,
1203 3801 1241 3841 on
1251 3781 1281 3840 in
1306 3800 1339 3839 ca

339 3873 506 3958 transferri
512 3875 626 3954 poterit
638 3872 823 3937 Solemnitaa
835 3872 937 3958 quoad
948 3875 1133 3938 cantandam
1145 3877 1264 3959 Missam
1276 3871 1311 3932 V
1309 3893 1338 3933 o·
1388 3881 1389 3916 t

339 3965 469 4036 ticam?
1089 3986 1091 3990 ·

381 4069 423 4131 R.
451 4063 656 4148 Regulariter
667 4085 731 4127 non
744 4073 848 4149 potest
861 4072 891 4126 et
903 4063 1036 4126 ulterius
1049 4062 1110 4124 erit
1127 4055 1336 4125 transferenda
