2754 4740
314 280 470 322 missenum
493 279 750 324 occuanuannus.
982 259 1043 325 189

279 511 327 588 V.
355 512 410 589 De
427 510 628 605 defectibus
643 513 793 604 furuae.

76 741 105 802 t.
129 738 280 802 Defectus
303 757 340 801 ex
359 747 449 822 parte
462 738 573 801 torma
589 747 720 821 possunt
735 736 936 822 contingere,
947 737 973 801 si
987 739 1043 802 ali·

39 831 108 918 quid
122 832 205 897 desit
221 855 262 896 ox
284 833 322 896 iis
337 853 407 918 quae
431 830 471 895 ad
494 831 709 916 integritatem
725 831 900 898 verborum
924 831 956 894 in
974 831 1043 918 ipsa

40 926 274 991 Consecretione
290 925 511 1012 requiruntur.
525 924 634 991 Verba
649 933 762 998 autem,
773 924 1042 1005 Consecrationis,

40 1042 101 1105 que
123 1031 198 1084 sunt
220 1021 321 1084 torma
345 1018 442 1104 hujus
466 1019 677 1097 Sacramenti,
705 1027 780 1084 sunt
806 1020 875 1084 hoee
890 1043 899 1084 z
917 1021 983 1084 Hoc
999 1031 1044 1085 eat

41 1118 111 1178 enim
124 1113 246 1199 Corpus
260 1135 373 1178 meunt..
387 1115 444 1178 Et:
462 1115 521 1176 Hic
535 1123 578 1176 eat
593 1116 673 1177 enim
686 1112 768 1177 cotie
784 1113 955 1199 Sanquinii
970 1117 1042 1194 mei,

41 1213 105 1272 noui
118 1221 145 1274 et
160 1213 271 1274 teterrii
282 1211 470 1274 testamenti:
483 1210 662 1293 mysterium
678 1207 767 1271 Fidei
776 1211 832 1295 qui
847 1229 904 1292 pro
917 1209 1001 1274 vobit
1017 1221 1046 1275 et

37 1305 208 1387 promeritis
226 1305 400 1389 effundetur
416 1305 449 1366 in
466 1304 673 1365 remissionem
685 1313 890 1386 peccaturam.
908 1301 943 1364 Si
973 1303 1045 1389 quia

40 1408 137 1462 autem
160 1398 286 1485 aliquid
301 1396 507 1477 diminueret,
520 1396 574 1461 rel
585 1395 771 1459 immutaret
785 1394 826 1458 de
842 1395 946 1460 formu
960 1396 1046 1464 Con-

41 1493 216 1556 secrationis
233 1491 398 1577 Corporis,
419 1499 450 1554 et
466 1489 649 1576 Sanguinis,
675 1498 708 1552 et
732 1488 764 1550 in
789 1488 857 1575 ipsa
872 1490 1046 1556 verborum

41 1586 254 1651 immutatione
266 1586 366 1652 verba
382 1582 468 1647 idern
480 1605 543 1647 non
555 1583 782 1670 significarent,
796 1603 861 1646 non
875 1584 1049 1650 conficeret

42 1683 288 1749 Sacramentum.
317 1685 350 1746 Si
372 1703 449 1747 vero
474 1679 598 1768 aliquid
612 1679 747 1746 adderet
775 1682 863 1770 quod
885 1682 1048 1769 signitica-

41 1778 151 1844 tionem
167 1801 233 1844 non
249 1786 401 1858 mutaret,
426 1775 600 1840 conficeret
615 1772 759 1862 quidem,
778 1775 835 1840 sed
858 1777 1047 1862 gravissime

43 1883 192 1954 peccaret.

80 1969 109 2029 t.
135 1967 168 2029 Si
196 1965 362 2030 celebrans
378 1985 441 2030 non
458 1965 648 2030 recordetur
669 1988 702 2032 se
723 1965 841 2031 dixisse
857 1987 895 2031 ea
919 1985 991 2052 quta
1013 1966 1047 2030 in

42 2060 279 2125 Consecratione
291 2061 504 2126 communiter
515 2059 678 2144 dicuntur,
691 2083 756 2126 non
768 2059 866 2126 debet
876 2069 1048 2147 propterea

41 2154 167 2219 turbari.
194 2156 228 2218 Si
251 2165 359 2219 tamen
379 2164 467 2220 certo
490 2156 520 2218 ei
546 2165 680 2238 constet,
705 2177 738 2220 se
760 2157 903 2221 omisisse
923 2153 1048 2241 aliquid

43 2268 143 2312 eorum
159 2270 233 2335 quae
249 2260 322 2314 sunt
347 2249 388 2313 de
410 2251 600 2317 necessitate
621 2251 830 2334 Sacramentt,
853 2248 888 2314 id
904 2259 963 2332 est,
979 2250 1048 2314 for·

42 2363 117 2407 mam
133 2343 400 2425 Consecrationis,
415 2355 765 2428 eeupartem‚resnmet
779 2347 879 2431 ipsum
896 2342 1044 2423 formam,

42 2446 68 2499 et
78 2447 181 2502 cetera
197 2447 411 2524 prosequatur
425 2457 484 2523 per
500 2436 659 2503 ordinem.
677 2440 711 2503 Si
727 2459 804 2505 vero
818 2435 913 2503 trude
928 2437 1048 2523 proba·

41 2528 139 2594 biliter
161 2530 290 2596 dubitet
313 2553 345 2594 se
362 2528 484 2617 aliquid
511 2534 678 2597 essentiale
699 2532 853 2611 omisisse,
872 2533 967 2596 iteret
981 2531 1048 2594 ior-

43 2643 117 2688 mam
132 2627 245 2690 saltem
260 2625 320 2690 sub
332 2626 427 2689 tacita
442 2624 639 2691 conditione.
664 2627 697 2690 Si
713 2637 820 2691 autem
837 2647 900 2690 non
916 2634 990 2689 sunt
1006 2623 1047 2688 de
1061 2706 1063 2710 .

42 2720 220 2784 necessitate
246 2720 454 2800 sacramenti,
481 2741 545 2785 non
571 2732 722 2801 resumat,
751 2720 808 2787 sed
830 2717 982 2806 procedat
998 2721 1049 2783 ul·

44 2813 143 2878 terius.

250 3028 310 3105 Vt
314 3087 322 3104 .
342 3029 397 3107 De
413 3033 611 3124 defectibus
633 3031 813 3108 reciniati.

80 3256 229 3320 Defectus
239 3277 278 3320 ex
293 3268 382 3343 parte
398 3259 532 3324 ministri
545 3269 677 3344 possunt
688 3259 874 3346 contingere
889 3256 997 3344 quoad
1010 3277 1049 3322 ea

44 3367 104 3431 quae
120 3351 152 3412 in
169 3351 239 3435 ipso
253 3353 474 3438 requiruntur.
492 3355 568 3420 Haec
591 3364 697 3419 autem
713 3364 807 3419 sunt:
826 3354 859 3415 in
874 3352 985 3438 primis
996 3352 1049 3414 in·

43 3444 143 3520 tentio,
170 3442 290 3507 deinde
320 3443 484 3532 dispositio
512 3450 638 3533 animae,
666 3447 832 3533 dispositio
858 3445 1045 3530 corporalis,

44 3528 199 3617 dispositio
223 3539 497 3622 vestimentorum,
527 3541 691 3629 dispositio
715 3545 747 3607 in
762 3541 940 3606 ministerio
963 3539 1045 3625 ipso,

44 3627 138 3709 quoad
155 3651 194 3694 ea
210 3653 282 3717 quae
295 3633 328 3696 in
345 3634 414 3718 ipso
430 3648 563 3719 possunt
579 3657 761 3703 occurrere.

254 3869 294 3946 V
291 3870 333 3944 tt
338 3929 345 3945 .
366 3873 421 3947 De
439 3875 579 3966 defectu
599 3877 824 3951 intentionis.

82 4121 111 4183 t.
135 4121 168 4185 Si
186 4125 332 4210 quianon
350 4079 487 4193 intendit
499 4129 667 4212 conficere,
685 4127 741 4194 sed
753 4127 912 4193 delusorie
923 4084 1045 4211 aliquid
