2754 4740
335 221 377 286 24
738 235 930 285 ouasuaass
1059 291 1060 296 ἵ

335 346 478 409 scilicet:
506 341 548 406 de
575 339 714 426 Duplici,
737 337 917 416 Dominiea,
948 334 1168 421 Semiduplici,
1190 335 1237 400 dic
1261 337 1332 401 iufra

333 439 498 517 Octavam,
514 437 606 500 Feria
622 431 748 519 majori,
775 431 931 515 Simplici.

380 529 592 613 Quandonam
613 537 721 590 autem
734 521 1216 608 etquomodossemmemoretio
1238 523 1333 609 alique

337 628 368 689 io
385 625 478 688 aliam
495 623 535 686 sit
549 617 714 701 mutanda,
731 614 856 681 dicetur
872 617 904 679 in
916 617 1056 680 sectione
1068 619 1126 681 lll.

636 808 638 813 ’
663 811 1023 860 ψ

267 1027 278 1052 ι
379 1002 556 1076 Antequam
571 986 612 1051 ad
628 987 781 1051 ulteriora
792 983 1049 1070 progrediamur,
1064 989 1332 1073 proponunturhic

335 1088 434 1174 aliqui
452 1105 543 1149 casus
570 1081 798 1157 Occurrenttae,
825 1089 861 1141 ut
889 1080 1021 1161 alumni,
1047 1081 1142 1145 iisse
1169 1081 1332 1146 exercendo

335 1185 436 1268 magis
452 1187 631 1264 perspectas
655 1175 795 1240 habeant
820 1175 947 1259 regulas
969 1173 1136 1262 hucusque
1163 1174 1289 1240 traditas
1308 1185 1333 1237 et

335 1274 503 1364 expeditur
514 1273 553 1336 sit
568 1272 621 1337 via
635 1270 676 1334 ad
693 1268 871 1356 sequentia.

379 1369 577 1455 Supponitur
586 1366 708 1430 Pascha
722 1384 891 1430 occurrere
904 1363 945 1424 27
962 1363 1077 1444 Martii,
1093 1365 1228 1428 litteram
1240 1373 1332 1426 autem

334 1464 565 1531 Dominicalem
580 1481 648 1524 esse
660 1459 689 1522 t.

379 1561 394 1622 l
417 1557 526 1623 Casus.
544 1555 603 1618 Die
629 1555 667 1618 21
689 1551 794 1616 Martii
824 1549 963 1614 occurrit
984 1551 1113 1616 Festum
1126 1553 1165 1615 S.
1181 1553 1333 1632 Benedicti,

335 1619 570 1736 Duplffiffied
600 1648 695 1710 simul
725 1642 838 1708 eadem
862 1642 930 1707 dies
967 1654 1014 1708 est
1047 1648 1139 1710 Faria
1163 1649 1198 1708 Il
1219 1649 1334 1730 majoris

332 1746 549 1812 Hebdomade.

377 1840 537 1922 Quaeritur
553 1858 562 1899 ε
579 1830 742 1920 quodnam
753 1830 901 1894 Officium
917 1830 1008 1894 alteri
1018 1832 1216 1916 praevalebit,
1231 1830 1334 1894 deinde

334 1934 413 2025 quid
429 1934 470 1996 de
481 1933 582 1996 altero
594 1924 805 1992 iaciendum?

376 2027 555 2096 Resolutio.
571 2024 640 2089 Fiet
655 2020 803 2085 Officium
819 2018 859 2081 de
871 2018 963 2081 Feria
979 2020 1009 2081 ll
1019 2017 1151 2104 majoris
1166 2018 1334 2084 Hebdoma-

335 2123 383 2188 dae
400 2147 410 2204 3
425 2124 560 2184 alterum
577 2137 654 2182 vero
670 2117 799 2180 Festum
815 2114 849 2176 S.
867 2110 1034 2178 Benedicti
1051 2115 1250 2180 transfertur.

377 2215 502 2281 Etenim
518 2212 617 2276 Feriae
632 2205 851 2273 Hebdomades
867 2217 983 2271 sancte
1004 2217 1078 2271 sunt
1092 2210 1232 2273 maxime
1246 2208 1334 2295 privi·
1370 2233 1371 2236 ¹

336 2305 671 2398 legiatae(t1uaest.25)
703 2303 842 2388 primum
859 2310 1016 2385 occupant
1042 2303 1209 2365 locumfin
1241 2303 1335 2366 tabula

335 2401 527 2492 prelationis
542 2399 727 2463 Officiorum
740 2401 867 2482 (quaest.
883 2395 956 2479 57);
974 2394 1052 2458 dum
1068 2406 1210 2460 econtra
1221 2398 1334 2460 Festum
1369 2401 1370 2418 ³

337 2497 464 2582 Duplex
481 2494 598 2571 minus,
616 2492 710 2577 quale
732 2499 779 2552 est
804 2490 932 2552 Festum
958 2490 992 2552 S.
1008 2488 1188 2568 Benedicti,
1215 2491 1335 2575 septimo

336 2600 459 2657 tantum
481 2588 551 2650 loeo
582 2587 615 2648 in
643 2583 755 2648 eadem
780 2584 921 2666 ponitur.
953 2584 1128 2649 Praelertur
1160 2607 1237 2671 ergo
1258 2584 1336 2648 Feria

336 2688 407 2766 iste,
426 2691 458 2745 ct
468 2682 595 2744 Festum
612 2680 645 2743 S.
660 2675 827 2742 Benedicti
843 2678 1044 2765 transfertur,
1070 2679 1144 2765 quia
1160 2691 1209 2744 est
1222 2681 1334 2743 Festum
1367 2753 1368 2758 ἵ

336 2799 452 2843 norem
464 2775 652 2839 Lectionum
663 2775 789 2858 (quaest.
806 2771 874 2856 ἢ).
1367 2763 1368 2848 l

319 2915 338 2938 μ
380 2869 523 2936 scasas.
535 2869 593 2932 Die
609 2869 629 2930 2
652 2867 771 2951 Aprilis
786 2868 925 2932 occurrit
938 2869 1067 2932 Festum
1090 2868 1125 2930 S.
1142 2869 1295 2931 Franeisci
1307 2865 1335 2926 de

5 2988 30 3012 ν·
89 3041 101 3051 ..
336 2966 454 3042 Paula,
485 2963 606 3046 Duplex
634 2971 666 3025 et
688 2963 822 3047 septima
848 2962 911 3026 dies
940 2963 1026 3048 infra
1042 2961 1191 3027 Octavam
1204 2959 1331 3035 Pescla,

5 3023 85 3100 w
179 3049 296 3152 mni,
334 3059 455 3123 scilicet
469 3056 657 3120 Sabbatum.
1365 3095 1366 3102 .

50 3139 193 3187 W*
219 3224 224 3235 .
273 3213 290 3234 ι,
380 3148 623 3215 Resoluti0.Fit
649 3146 857 3211 Officiumde
873 3145 925 3210 die
939 3147 1021 3212 inira
1037 3148 1191 3214 Octavam
1206 3147 1331 3220 Paschae,
1365 3103 1366 3181 i

5 3261 18 3338 ,t
34 3267 59 3326 ⁴·
75 3236 267 3356 3⁰⁴5&ss
277 3270 294 3356 Ι·
337 3255 369 3310 et
384 3242 573 3307 transfertur
586 3241 714 3303 Festum
738 3239 823 3304 istud
837 3243 976 3325 Duplex.
1364 3263 1365 3347 p

60 3385 64 3395 .
103 3353 162 3432 ἐνῇ
290 3334 296 3385 5
381 3341 456 3404 Dies
471 3339 557 3401 enim
570 3335 652 3398 iufra
666 3336 820 3400 Octavam
835 3337 964 3401 Paschae
980 3339 1195 3424 praeieruntu'r
1209 3339 1336 3403 cuicum-

71 3427 111 3528 'df
143 3433 159 3499 'r
190 3418 232 3484 *l
339 3431 639 3520 queFesto(queest.
654 3428 722 3512 51).
735 3431 937 3494 Transfertur
949 3443 1055 3498 autem
1068 3434 1198 3498 Festum
1211 3434 1336 3498 S.Fran-
1363 3443 1364 3513 t

150 3523 155 3541 ¹
339 3527 426 3607 cisci,
448 3526 534 3611 quie,
553 3525 635 3587 utin
651 3523 749 3608 priori
766 3547 839 3588 casu
851 3524 974 3590 dictum
989 3537 1049 3607 est,
1066 3528 1164 3593 habet
1166 3529 1222 3614 jus
1237 3524 1275 3590 ad
1296 3524 1336 3585 in·

340 3632 466 3706 tegrum
483 3617 630 3681 Officium
645 3622 771 3704 (quaest.
789 3619 856 3706 ta).
1185 3655 1187 3659 ·
1362 3613 1363 3681 l

384 3712 529 3776 5Casus.
551 3713 609 3774 Dic
640 3714 681 3776 17
698 3711 815 3797 Aprilis
841 3715 980 3779 occurrit
1004 3715 1133 3778 Festum
1154 3716 1191 3779 S.
1214 3715 1333 3789 Aniceti,
1361 3763 1362 3788 ἶ

339 3807 488 3889 Simplex.
520 3806 598 3869 Cum
625 3817 731 3870 autem
749 3809 853 3872 littera
880 3809 1086 3873 Dominicalis
1101 3811 1141 3873 sit
1164 3810 1193 3893 ὁ,
1214 3807 1335 3874 occurrit
1361 3795 1362 3848 l

343 3900 438 3962 etiam
453 3901 615 3964 Dominica
630 3905 683 3965 III
697 3905 927 3986 postPasclra.
958 3904 1015 3968 Ast
1041 3906 1073 3968 iu
1100 3905 1162 3969 hac
1188 3904 1336 3969 Dominiea

343 3994 524 4058 celebratur
551 3996 770 4060 Patrocinium
792 3999 836 4062 Se
858 3999 972 4082 Jaseple
985 4045 995 4078 ,
1034 3999 1159 4083 Duplex
1184 3988 1263 4078 ffel.
1290 4015 1334 4081 pn

343 4086 605 4153 nomedtoeeeri.
621 4092 668 4154 En
685 4093 747 4156 tria
763 4091 871 4157 Officia
884 4091 999 4158 eodem
1013 4092 1067 4157 die
1081 4093 1281 4158 celebranda.
