2750 4738
329 225 331 230 ’
436 247 610 292 nnavvnnu.
969 224 1027 286 tot
1130 287 1132 290 .

45 371 119 414 ovium
132 359 256 415 tantum
272 349 423 436 Alleluja,
440 360 504 414 tam
520 349 553 414 in
568 349 680 415 Officio
695 348 736 414 de
748 351 916 434 Tempore,
935 367 1032 434 quam

44 444 73 508 de
91 447 219 525 Sanctis,
234 455 270 512 ut
283 444 401 510 dicitur
416 445 449 510 in
463 445 618 524 Rubrice,
635 467 706 533 quae
722 444 818 510 estin
834 442 975 510 Sabbata
999 441 1031 504 in

43 539 122 605 Albis.
137 543 236 605 Extra
249 541 394 625 Tempus
406 540 570 621 Paschale,
588 540 735 628 quamvis
750 541 783 605 in
796 537 958 626 aliquibus
972 537 1033 600 Fe-

43 636 94 718 stis,
105 635 141 701 ad
153 636 307 721 Tertiam,
320 633 448 700 Sextum
463 645 495 698 et
506 633 866 721 Nonam,Responsoriis
881 629 1034 696 brevibus

44 728 180 794 addantur
206 730 359 818 Alleluja,
387 750 453 794 nen
487 728 560 794 ideo
580 727 744 794 adduntur
766 727 807 794 ad
833 727 985 806 Primam,
1002 735 1034 790 et

44 825 286 912 Completorium.

255 1181 258 1184 ¹
302 1090 459 1166 XXIX.
481 1092 537 1167 De
555 1087 749 1187 Capitulis.

78 1366 254 1452 LCapitula
271 1388 397 1454 semper
413 1368 564 1434 dicuntur
580 1371 804 1456 (praeterquam
820 1367 941 1434 auerte
957 1368 987 1434 V
1003 1367 1035 1431 in

45 1459 122 1526 Cena
134 1463 381 1550 Domini,usque
397 1462 439 1529 ad
451 1466 609 1550 Vesperas
626 1464 757 1529 Sabbati
772 1465 806 1528 in
821 1463 912 1529 Albis
925 1464 1035 1529 exelu-

44 1557 107 1638 sive,
123 1569 153 1622 et
164 1569 379 1647 praeterquam
388 1561 420 1625 in
433 1560 544 1625 Officio
555 1559 800 1644 Defunctorum)
811 1558 852 1624 ad
864 1559 1034 1646 Vesperas,

44 1652 161 1734 Laudes,
176 1665 208 1720 et
222 1656 301 1720 alias
324 1656 437 1737 Horas,
455 1655 549 1722 dictis
564 1657 698 1721 Psalmis
713 1666 745 1721 et
760 1653 954 1742 Antiphonis
968 1680 976 1738 3
988 1654 1035 1734 *ad

45 1745 277 1833 Complelorium
294 1771 383 1826 vcro,
401 1750 486 1815 dieto
500 1751 595 1815 etiam
609 1752 747 1837 Hymno.

79 1844 106 1904 T.
129 1843 273 1930 Capitula
287 1846 497 1911 Dominicalia
520 1846 622 1932 posita
638 1847 669 1910 in
694 1847 848 1911 Psallerio
870 1847 903 1911 in
926 1847 1037 1932 primis

45 1948 70 2000 el
82 1939 222 2003 secundis
244 1941 405 2026 Vesperis,
428 1943 459 2005 in
483 1942 659 2024 Laudibus,
677 1951 708 2006 et
724 1943 830 2024 Horis,
849 1940 1036 2008 dicuntura

46 2034 123 2098 tertia
144 2035 309 2100 [lominica
331 2046 402 2122 post
423 2038 632 2102 Pentecosten
655 2058 757 2122 usque
781 2035 822 2102 ad
838 2034 1035 2118 Adventum,

45 2137 69 2191 et
81 2150 97 2192 a
109 2128 247 2194 secunda
261 2141 333 2216 post
347 2133 558 2238 Epiphanipm
570 2153 672 2218 usque
688 2131 729 2195 ad
746 2132 1033 2218 septuagesimam.

46 2222 171 2308 Capitula
186 2235 294 2289 autem
305 2226 441 2290 Ferialia
452 2225 603 2290 dicuntur
619 2237 689 2310 post
709 2227 864 2293 Octavam
878 2229 1035 2292 Penteco-

44 2329 94 2382 stes
108 2342 206 2408 usque
221 2319 263 2384 ad
276 2319 472 2400 Adventum,
491 2332 523 2386 et
538 2322 578 2386 ab
593 2321 715 2386 Octava
729 2322 914 2408 Epiphania
932 2344 1033 2408 usque

45 2412 278 2480 adllominieam
294 2417 431 2502 primam
444 2414 716 2501 Quadragesimae‘.
730 2416 809 2481 Aliis
825 2417 1036 2504 Temporibus

45 2506 178 2574 dicuntur
192 2520 229 2575 ut
243 2511 276 2573 in
288 2513 423 2596 Proprie
437 2509 477 2575 de
500 2511 655 2596 Tempore
671 2532 680 2574 ε
697 2511 721 2573 si
738 2511 772 2575 fir
790 2509 831 2575 de
848 2513 982 2590 Sanctis,
1002 2522 1038 2575 ut

46 2603 71 2664 in
84 2605 210 2690 Proprie
234 2603 274 2668 de
294 2607 428 2686 Sanctis,
443 2628 516 2670 cum
539 2605 668 2690 propria
685 2605 813 2689 adsunt,
831 2606 973 2692 alioquin
996 2604 1036 2668 de

46 2697 200 2763 Communi
212 2701 413 2766 Sanctorum.
434 2701 616 2786 Capitulum
638 2700 753 2764 Primae
777 2711 809 2766 et
832 2701 1038 2787 Completorii

47 2792 174 2878 (quando
197 2794 338 2880 Capitula
364 2796 528 2882 dicuntur)
551 2817 728 2882 numquam
752 2807 902 2882 mutatur,
935 2808 971 2861 ut
1005 2796 1039 2861 in

48 2889 197 2954 Psalterio.

83 2984 111 3046 5.
135 2986 169 3046 ln
185 2985 357 3050 Dominicis
373 2987 413 3050 ab
435 2985 586 3052 Adventu
610 3008 711 3074 usque
734 2985 775 3050 ad
800 2986 953 3053 Octavam
969 2987 1041 3074 llpi·

47 3076 168 3160 phaniae,
185 3090 215 3144 et
231 3081 508 3168 a·Septuagesima
524 3103 625 3170 usque
642 3082 682 3146 ad
698 3084 826 3147 tertiam
840 3095 912 3169 post
926 3086 1041 3148 Pente-

49 3183 155 3254 costen,
173 3184 202 3238 et
226 3175 260 3239 in
282 3177 382 3240 Feriis
405 3177 568 3261 Temporis
583 3177 757 3258 Pasclnalis,
782 3187 814 3241 et
837 3178 870 3241 in
892 3177 1041 3242 omnihus

48 3265 144 3350 lestis,
162 3269 349 3355 regulariter
361 3271 542 3356 Capitulum
555 3272 692 3356 positum
707 3271 862 3356 inprimis
878 3273 1040 3357 Vesperis,

49 3356 153 3424 dieitur
165 3361 194 3425 in
207 3364 384 3447 Laudibus,
398 3363 437 3428 ad
454 3366 606 3446 Tertiam,
624 3375 655 3430 et
670 3365 703 3428 in
716 3362 865 3430 secundis
878 3366 1039 3452 Vesperis,

48 3455 224 3539 quibusdam
236 3461 392 3546 exceptis,
409 3483 479 3547 quae
488 3462 552 3525 suis
565 3461 641 3524 locis
654 3461 865 3548 assignantur.

85 3552 114 3614 4.
139 3554 175 3617 ln
188 3557 285 3622 Feriis
301 3559 457 3642 Tempore
473 3557 631 3634 Paschali,
649 3555 689 3620 ad
704 3556 846 3621 Primam
858 3555 975 3620 dieitur
988 3557 1042 3622 Ca·

50 3643 173 3726 pitulum
186 3651 266 3738 Regi
290 3653 489 3734 saeculorum,
516 3651 598 3716 sicut
622 3651 654 3715 in
678 3651 861 3732 DominieiS,
881 3661 913 3715 et
928 3653 1040 3716 Festis.

50 3740 114 3807 Post
127 3744 303 3830 Capitulum
319 3770 445 3834 semper
460 3747 672 3834 respondetur
685 3751 752 3812 Deo
776 3752 906 3834 gratias.
