2750 4738
426 228 600 271 nnavrnnrr.
966 211 1026 276 105

23 329 116 410 mini3
141 326 309 413 quietunc
324 324 439 392 sufficit
465 325 582 392 dixisse
606 349 676 396 eam
704 331 735 396 in
768 331 925 418 principio
953 351 1026 396 oum

22 425 165 488 Oratione
181 421 360 487 Dominica.

23 705 210 782 XXXIII.
232 706 288 780 Do
312 703 483 804 Symbola
508 704 782 799 Apostolorum,
804 719 837 782 ct
856 707 1026 805 Symbola

380 827 419 901 S.
445 826 652 904 Athanasii.

62 1111 91 1171 l.
109 1107 299 1195 Symbolum
314 1107 542 1194 Apostolorum
556 1129 685 1192 sempor
698 1105 817 1190 dieitur
835 1119 907 1174 anto
923 1111 1028 1177 Matu-

25 1205 130 1281 tinum,
148 1213 180 1267 ct
202 1204 355 1283 Primam,
378 1213 409 1267 et
423 1202 512 1267 finito
529 1204 743 1290 Completorio
759 1217 830 1290 post
844 1206 1029 1274 Orationem

22 1299 215 1384 Argolicam,
230 1309 332 1362 totum
351 1308 493 1362 secreto:
512 1299 608 1363 ctiam
625 1300 651 1363 si
667 1298 706 1364 ad
719 1301 871 1383 Primam,
886 1313 918 1367 ct
933 1303 1027 1369 Com·

23 1394 186 1476 pletorinm
211 1394 328 1457 iterum
352 1391 526 1457 dicendum
552 1393 592 1460 sit
618 1415 691 1458 curn
706 1396 872 1462 Precibus.
889 1397 1028 1479 Quando

25 1509 92 1551 vero
104 1485 224 1553 dicitur
235 1509 308 1552 cum
323 1487 477 1551 Precibus
492 1486 533 1552 ad
547 1489 701 1569 Primam,
717 1500 749 1554 et
763 1490 1026 1578 completorium,

24 1584 100 1646 olera
114 1605 195 1649 uoce
207 1583 380 1669 protertur,
401 1581 504 1646 Credo
521 1584 553 1648 iu
569 1585 685 1668 Deum,
714 1596 746 1652 et
771 1585 804 1652 in
827 1587 902 1670 fine,
919 1587 1029 1654 Carnis

23 1679 295 1762 resurrectionem,
316 1677 477 1764 reliquum
500 1676 619 1744 dicitur
644 1691 786 1747 secreto:
818 1682 895 1747 alias
925 1693 1027 1749 totum

24 1784 139 1837 secreto
157 1772 286 1850 dicitur,
304 1782 464 1855 utsupra.

62 1869 93 1930 2.
116 1868 306 1954 Symbolum
321 1867 421 1930 sancti
432 1861 598 1933 Athanasii
612 1868 730 1936 dicitur
744 1869 785 1935 ad
800 1872 942 1936 Primam
958 1883 1029 1956 post

25 1964 181 2026 Pselmum
204 1963 374 2044 Retribue,
401 1962 432 2025 in
452 1965 601 2030 omnibns
623 1966 798 2030 Dominicis
820 1987 1024 2051 perannum,

26 2056 148 2142 quando
175 2057 321 2142 Officium
350 2058 386 2120 fit
410 2053 451 2120 de
481 2059 660 2142 Dominica,
688 2063 828 2146 exceptis
855 2061 1029 2125 Dominicis

26 2151 99 2214 inira
112 2153 248 2217 Octaves
258 2151 437 2217 Natiuitatis
457 2153 597 2235 Domini,
608 2156 805 2241 Epiphania,
815 2155 1028 2240 Ascensionis,

26 2255 53 2309 et
66 2246 214 2333 Corporis
229 2245 355 2329 Christi,
381 2268 417 2310 ac
436 2248 602 2314 Dominica
616 2250 885 2328 Resurrectionis,
903 2261 934 2315 et
950 2253 1029 2314 Pon·

26 2350 166 2423 tecostes,
180 2341 342 2427 inquibus
357 2340 508 2405 dicuntur
521 2353 644 2409 tantum
661 2355 725 2410 tres
739 2345 856 2409 Psalmi
872 2345 1027 2425 consueti,

27 2437 99 2499 utin
114 2437 229 2501 Festis.
243 2436 280 2502 ln
296 2436 470 2502 Dominicis
483 2436 565 2503 inlra
577 2440 654 2504 alias
666 2440 813 2518 Octavas,
829 2450 861 2505 et
875 2441 906 2503 in
919 2441 1030 2503 Domi-

28 2531 88 2594 nica
99 2531 263 2596 Trinitatis
277 2531 413 2614 dicitur,
432 2530 508 2595 alias
524 2554 710 2620 numquam,
729 2555 833 2619 neque
857 2535 883 2598 si
899 2532 1030 2619 aliquod

28 2623 146 2690 Festum
162 2627 289 2712 Duplex
305 2625 486 2690 celebretur
505 2625 538 2690 in
554 2627 734 2694 Dominica.
758 2629 797 2692 Et
818 2625 851 2692 in
867 2629 930 2693 line
946 2628 1029 2692 illins

29 2717 136 2785 dicitur
149 2719 261 2786 Gloria
274 2721 373 2786 Patri.

283 2989 473 3068 XXXIV.
495 2993 551 3068 Dc
568 2993 760 3068 Precibus.

67 3266 96 3327 l.
113 3265 228 3328 Preces
244 3271 317 3326 sunt
332 3261 454 3348 aliquot
465 3263 598 3337 Versus,
615 3263 671 3350 qui
687 3260 860 3349 aliquando
879 3237 1031 3327 dicuntur

32 3368 94 3422 ante
109 3359 305 3441 Orationem,
324 3357 512 3442 incipientes
528 3379 546 3420 a
564 3359 664 3444 Kyrie
680 3359 811 3438 eleison,
829 3360 915 3425 vela
936 3359 1031 3422 Pater

34 3473 50 3514 n
137 3506 143 3519 .

52 3463 229 3611 ⁰&Preces
243 3546 456 3612 Dominicales
468 3545 510 3611 ad
521 3548 673 3627 Primam,
688 3556 721 3611 ct
732 3544 1031 3631 Complatorium,ut

34 3641 58 3702 in
71 3642 235 3722 Psalterio,
253 3663 317 3705 non
330 3640 482 3705 dicuntur
497 3643 529 3706 in
545 3642 745 3728 Duplicibus,
762 3663 822 3705 nec
837 3641 918 3704 infra
935 3640 1030 3704 Octa-

33 3755 89 3812 ves,
114 3757 173 3800 nec
195 3737 228 3799 in
252 3737 370 3822 vigilia
387 3736 586 3822 Epiphaniae,
610 3746 642 3801 et
655 3736 748 3800 Faria
764 3736 821 3818 VI,
839 3745 871 3799 et
887 3734 1030 3798 Sabbata

34 3841 93 3911 post
117 3831 270 3898 Octavam
296 3831 510 3914 Ascensionis,
539 3833 635 3898 etiam
658 3833 683 3896 si
707 3831 791 3896 infra
811 3837 960 3896 Octavam
976 3829 1031 3893 fiat

35 3923 169 3990 Officium
192 3924 232 3988 de
253 3928 430 4007 Dominica,
448 3930 500 3993 vel
516 3927 578 3992 alio
605 3929 698 3991 Festo
715 3924 937 4011 Semiduplici,
955 3925 1030 4012 quia

36 4027 98 4083 tunc
114 4022 236 4086 ratione
256 4022 382 4088 Octavae
405 4044 468 4087 non
492 4022 664 4088 dicuntur:
691 4022 769 4086 alias
784 4030 1030 4106 autemsemper

36 4110 188 4181 dicuntur.
