2750 4738
343 208 407 306 m
777 226 920 271 uusurcn
948 197 951 204 ⁴

341 333 375 396 S.
393 329 500 396 Marias
516 326 726 416 Magdaleuae.
739 330 775 394 ln
791 329 891 394 Festis
906 340 1046 416 quatuor
1060 332 1254 412 Doctorum,
1268 326 1349 394 rido-

342 426 427 509 licet,
445 423 604 509 Gregorii,
633 422 808 505 Ambrosii,
825 424 1011 512 Augustini,
1029 435 1062 489 et
1076 423 1283 510 Hieronymi,
1302 422 1350 486 ad-

340 519 415 585 ditis
430 519 530 585 Festis
550 518 585 582 S.
603 517 730 592 Hilarii,
748 519 782 583 S.
799 520 887 583 Petri
913 519 1073 602 Damiani,
1097 520 1131 584 S.
1159 519 1294 583 Thomae
1318 517 1351 582 dc

340 613 481 702 Aquino,
507 614 542 678 S.
567 609 694 694 Isidori,
723 614 757 678 S.
790 613 906 678 Leonis
929 615 956 677 Ι.
989 615 1096 699 Papae,
1127 615 1162 677 S.
1200 613 1350 690 Anselmi,

340 711 376 775 8.
393 713 640 787 Bouaventurae,
658 708 693 772 S.
709 705 866 793 Alphonsi
883 709 990 772 Mariae
1009 707 1050 772 de
1064 709 1212 795 Ligorio,
1230 711 1266 772 S.
1285 711 1352 798 ller-

341 804 445 888 uardi,
463 814 496 868 et
511 804 545 867 S.
562 803 648 867 Petri
665 801 865 888 Chrysologi.
882 803 964 867 Item
989 803 1022 866 in
1045 804 1145 868 Festis
1163 805 1352 868 Sanctorum

333 904 514 966 *Doctorum
542 898 723 977 Athanasii,
754 898 875 981 Basilii,
911 897 1058 986 Gregorii
1088 898 1298 972 Nazianzeni‚
1328 922 1343 960 e

339 995 472 1062 Joauuis
498 994 726 1080 chrysostomi.
753 995 790 1056 In
814 992 867 1057 die
894 993 1016 1058 Octava
1045 995 1081 1058 S.
1108 994 1252 1058 loannis
1277 995 1354 1079 Bap-

337 1096 428 1174 tistae,
447 1104 479 1159 et
498 1094 533 1158 S.
550 1092 726 1156 Laurentii.
744 1094 781 1157 lu
795 1093 888 1158 Festo
912 1093 1069 1176 omnium,
1086 1095 1299 1172 Sanctorum,
1327 1102 1353 1154 et

337 1212 395 1276 per
409 1191 575 1255 Octavam.
594 1189 630 1252 lu
645 1185 906 1253 Dedicationibus
930 1189 988 1254 SS.
1012 1189 1204 1272 salvatoris,
1233 1199 1268 1252 ct
1288 1209 1353 1252 san-

338 1296 461 1351 ctorum
476 1283 702 1369 Apostolorum
714 1284 801 1347 Petri
818 1295 850 1348 et
860 1285 966 1349 Pauli.
998 1285 1036 1348 lu
1051 1284 1281 1348 anniversario
1297 1284 1354 1346 Ile·

337 1380 505 1446 dicationis
520 1377 657 1464 propriae
669 1377 821 1461 ecclesie,
840 1387 872 1443 et
887 1378 1126 1464 perOctavam.
1144 1380 1184 1442 ln
1202 1376 1261 1441 die
1277 1377 1354 1442 Corr-

338 1474 523 1542 secrationis
552 1473 706 1554 ecclesiae,
731 1475 783 1538 vel
812 1474 932 1539 altaris.
956 1475 993 1537 In
1016 1475 1117 1538 Festis
1144 1474 1207 1538 SS.
1241 1474 1352 1560 quibus

338 1570 484 1637 dedicata
500 1577 548 1634 est
560 1567 707 1646 ecclesia,
726 1578 758 1632 et
773 1567 829 1633 ubi
846 1569 985 1634 habetur
1000 1590 1129 1654 corpus,
1147 1570 1203 1633 vel
1228 1569 1354 1654 insignis

339 1666 473 1753 reliquia
490 1663 610 1745 Sancti,
634 1660 676 1727 de
691 1683 756 1750 quo
769 1665 887 1750 agitur.
909 1665 946 1727 In
962 1661 1015 1727 die
1027 1662 1201 1729 creationis
1219 1675 1254 1730 et
1269 1685 1355 1729 coro·

338 1761 476 1825 nationis
503 1757 626 1823 Summi
650 1757 824 1838 Pontificis,
841 1769 874 1822 et
898 1759 930 1822 in
962 1759 1182 1824 anniversario
1210 1758 1353 1846 ejusdem

337 1853 416 1920 diei.
435 1856 471 1918 ln
484 1852 537 1917 die
549 1861 582 1918 et
595 1852 627 1916 in
643 1852 863 1917 anniversario
876 1852 1040 1918 electionis
1056 1863 1088 1917 et
1104 1853 1353 1919 consecrationis

338 1949 499 2035 Episcopi.
515 1949 595 2012 Item
612 1947 646 2011 in
661 1947 810 2012 omuibus
824 1948 936 2028 Festis,
954 1969 1025 2035 quae
1052 1949 1083 2012 in
1111 1949 1306 2030 Dominicis
1327 1958 1354 2010 rt

340 2044 422 2108 iufra
450 2043 587 2109 Octavas
609 2042 825 2123 celebrantur,
843 2041 1009 2130 inquibus
1032 2043 1154 2107 ratione
1179 2043 1352 2108 Dominicae

339 2148 370 2202 et
385 2138 513 2203 Octava
529 2135 594 2201 dici
609 2133 719 2200 debet.
734 2137 814 2200 ltem
831 2138 863 2200 in
875 2138 968 2202 Festo
983 2137 1113 2201 Patroni
1126 2137 1271 2224 alicujus
1285 2138 1351 2214 loci,

339 2235 390 2299 vcl
400 2231 496 2298 Tituli
506 2231 654 2297 Ecclesia·
666 2231 743 2316 (non
756 2241 862 2296 autem
876 2229 1010 2318 alicujus
1023 2232 1153 2318 capcllae
1163 2235 1221 2297 rel
1238 2231 1352 2312 altaris)

338 2337 370 2393 et
389 2328 423 2392 in
437 2326 536 2392 Festis
552 2325 779 2411 principalibus
799 2324 971 2404 Ordinum,
996 2335 1028 2391 et
1053 2347 1112 2412 per
1134 2347 1252 2390 corum
1270 2327 1352 2391 Octa·

341 2445 425 2502 vam,
436 2422 469 2487 iu
485 2421 626 2486 ecclesiis
637 2429 761 2484 tantum
778 2421 862 2486 illius
874 2417 1016 2486 Ordinis.
1031 2422 1111 2485 ltam
1124 2419 1249 2486 dicitur
1262 2421 1352 2487 Credo

341 2520 373 2582 iu
401 2517 503 2582 Missis
524 2514 653 2599 votivis,
686 2536 757 2603 quae
782 2517 968 2581 solemniter
984 2538 1041 2601 pro
1056 2538 1092 2580 re
1106 2517 1212 2602 gravi,
1234 2519 1287 2582 vel
1303 2539 1353 2601 pro

342 2613 469 2700 publica
483 2611 632 2678 Ecclesiae
658 2631 753 2676 causa
768 2611 984 2690 celebrantur,
1016 2612 1141 2677 etiamsi
1158 2610 1313 2678 dicantur
1325 2612 1352 2673 iu

341 2709 534 2795 paramentis
547 2707 699 2784 violaceis
714 2706 747 2769 in
767 2706 946 2771 Dominica.

342 2926 448 3009 XII.
463 2929 520 3002 De
546 2924 757 3021 offertorio,
770 2924 954 3110 CSecrete‘s,
989 2923 1299 3022 arefacientem,
1327 2935 1355 2999 et

798 3056 928 3111 enarre.

387 3257 420 3339 1,
444 3257 520 3319 Post
549 3252 749 3340 Symbolum,
778 3255 830 3318 vel
856 3254 881 3316 si
910 3274 974 3317 uon
1004 3253 1046 3324 sit
1074 3249 1263 3333 dicendum,
1291 3257 1370 3337 post

342 3349 565 3436 Evangelium,
579 3346 696 3413 dicitur
713 3350 867 3412 Dorulaus
882 3348 1057 3412 vobiscum:
1076 3345 1220 3426 Oramus,
1240 3346 1370 3439 deindey

348 3444 564 3530 Offertere'em.
596 3445 709 3508 Postea
724 3443 759 3507 fit
773 3441 893 3508 oblatio
924 3464 997 3507 cum
1024 3441 1234 3522 orationibus,
1269 3452 1304 3505 ut
1325 3444 1353 3504 iu

344 3537 466 3605 Ordine
482 3539 595 3602 Missae.
613 3537 684 3620 Qua
700 3538 862 3603 oblatione
878 3538 973 3619 laeta,
989 3534 1108 3600 dicitnr
1131 3535 1298 3603 Orationes
1310 3558 1369 3614 sey

346 3644 434 3698 crete
448 3631 626 3696 secundum
639 3653 808 3697 numerum
827 3632 1028 3708 Orationem,
1045 3652 1116 3719 quae
1131 3632 1218 3696 clara
1230 3654 1309 3697 voce
1324 3632 1352 3693 in
1368 3621 1369 3664 l

346 3725 503 3811 principio
525 3723 617 3791 dictae
632 3736 723 3790 sunt:
755 3725 812 3790 scd
828 3735 901 3790 ante
923 3727 1058 3812 primam
1081 3725 1268 3790 Orationem
1295 3745 1352 3788 rron

346 3818 465 3884 dicitur
481 3820 631 3884 Dorulaus
654 3820 819 3900 vobiscum,
844 3842 902 3884 nec
927 3818 1050 3906 aliquid
1066 3817 1173 3896 aliud;
1198 3818 1255 3884 sed
1273 3818 1352 3883 dicto

346 3915 503 3998 Suscipiat
517 3915 669 3980 Dominus
684 3916 889 4001 Sacrificium,
905 3915 1050 3978 absolute
1065 3912 1236 3999 dir-untur,
1255 3933 1353 4001 neque

348 4008 445 4072 ctiam
460 4018 533 4073 aute
549 4008 723 4074 secundam
745 4010 929 4076 Orationem
945 4006 1064 4073 dicitur
1080 4008 1226 4075 Oramus.
1241 4009 1352 4075 Termi·

350 4113 444 4170 natur
459 4113 566 4168 autem
583 4105 686 4192 prima
702 4115 734 4169 et
748 4105 859 4171 ultima
875 4103 996 4186 Oratio,
1015 4115 1050 4168 ut
1064 4102 1185 4170 dictum
1201 4116 1250 4170 est
1265 4125 1351 4190 supra
