2750 4738
454 224 628 270 snsrraan.
984 213 1045 278 tttlt

46 327 183 414 prodictu
202 349 243 392 ex
262 347 374 390 eorum
390 326 468 390 locis
482 335 570 390 recto
592 323 719 388 tramite
740 341 922 413 pergerent,
948 333 980 396 in
1005 355 1043 396 co

45 424 93 485 sibi
114 421 253 487 invicem
277 430 495 485 occurrerent.
525 419 650 506 Regulo
673 428 779 484 autem
800 420 894 506 juxta
923 424 1044 491 dictum

47 535 202 580 numerum
228 513 384 600 appositu,
407 514 452 578 sic
476 511 593 578 hahet:
623 515 651 577 1.
686 513 862 580 Tronslolio
881 519 917 582 da
928 523 1043 604 primo,

49 608 180 695 Officium
197 610 234 674 de
248 607 392 675 secundo.
416 606 454 672 Id
475 618 534 687 est,
550 607 677 693 Duplex
692 607 708 671 l
728 605 841 674 Classis
856 614 1044 698 predictum

48 705 253 787 transferatur,
272 713 303 768 el
317 702 464 767 Officium
477 701 530 766 fiat
541 701 582 766 de
596 701 764 766 Dominica
777 704 793 768 l
808 703 940 772 Classis:
956 709 1045 796 quia,

48 819 107 861 cum
124 799 156 862 in
170 799 220 863 his
244 797 377 883 Regulis
403 795 532 880 dieitur,
557 795 597 860 de
619 796 734 882 primo,
762 819 819 862 seu
840 801 1044 886 praeccdcnti,

50 893 235 980 intelligitur,
252 892 293 957 de
308 894 399 958 Festo
416 892 449 956 in
463 892 619 978 superiori
631 901 721 980 parte
736 892 873 958 Tabelloe
888 897 1045 982 apposito,

50 989 206 1073 utDuplex
218 987 424 1076 praedictum;
442 1008 515 1052 (rum
531 985 572 1050 de
587 985 741 1072 secundo,
758 990 810 1054 vel
826 992 985 1076 sequenti,
1002 990 1043 1055 de

50 1083 129 1146 chto
144 1083 175 1147 in
196 1084 339 1147 interiori
364 1093 453 1169 parte
475 1081 535 1146 sub
554 1081 696 1146 numeris
711 1083 868 1169 apposito,
885 1095 922 1150 ut
936 1087 1048 1152 Domi·

52 1178 111 1241 nica
124 1178 286 1264 praediota.

86 1275 119 1336 ln
135 1275 293 1362 aliquibus
316 1284 422 1340 autom
446 1270 676 1360 quadrangulis
696 1274 802 1338 nullus
823 1274 985 1360 appositus
1001 1289 1048 1344 cst

54 1389 206 1434 numerus:
224 1373 276 1436 vel
291 1371 367 1459 quia
382 1369 489 1433 nullus
501 1388 662 1450 occursus,
679 1387 785 1454 neque
797 1389 968 1434 concursus
980 1393 1047 1436 esse

53 1466 224 1546 potostrrcl
239 1466 315 1552 quia
331 1465 362 1528 in
379 1463 516 1551 propriis
534 1460 612 1526 loeis
634 1460 805 1526 adnotatur
820 1463 851 1526 in
867 1464 1046 1550 Breviorio,

54 1555 120 1642 quid
131 1558 169 1622 sit
183 1557 357 1644 agendum.

88 1651 169 1715 Scire
184 1662 290 1717 tamen
306 1664 443 1740 oportet,
457 1675 528 1741 quae
544 1651 607 1716 sint
621 1650 769 1738 Dupliciu
785 1654 801 1716 l
821 1661 853 1716 ct
877 1653 897 1716 u
920 1652 1046 1738 Classis,

55 1753 81 1806 cl
93 1744 205 1832 majora
218 1769 277 1833 per
290 1771 422 1830 annum,
441 1758 473 1813 et
488 1769 559 1835 quse
582 1748 768 1827 Dominicre,
785 1757 816 1812 et
832 1746 930 1824 Feriae
950 1748 1048 1833 majo·

56 1859 98 1902 res
113 1839 265 1908 dicantur.

270 2081 465 2150 DUPLICIA
486 2085 632 2157 PRIMAE
654 2075 818 2150 cnissis

97 2221 128 2282 la
152 2219 258 2306 quibus
282 2221 372 2284 nulla
398 2221 434 2305 fit
465 2218 719 2286 Commemoratis
748 2243 1007 2312 quorumcumque

60 2315 198 2380 Fastorum
220 2319 466 2397 occurrentium,
497 2319 560 2381 nisi
583 2327 678 2401 preat
705 2337 801 2400 supra
830 2320 864 2382 in
894 2320 1048 2394 Bousiris,

97 2557 237 2624 Nativitas
251 2560 394 2624 Domini.

98 2652 263 2738 Epiphania
277 2655 419 2719 Domini.

99 2746 205 2810 Pascha
220 2747 488 2825 Resurrectionis,
515 2767 589 2814 cum
605 2745 707 2812 tribus
722 2749 995 2831 antecedentibus,
1021 2763 1053 2817 ct

64 2835 172 2904 duobus
193 2843 400 2928 sequentibus
422 2841 548 2906 diebus.

102 2932 237 3000 llseensio
252 2937 391 3002 Domini.

101 3031 301 3114 Pentecostes,
318 3053 391 3095 cum
407 3027 533 3094 duobus
548 3031 757 3119 sequentibus
777 3029 903 3097 diebus.

102 3120 214 3189 Festum
227 3127 375 3213 Corporis
392 3125 520 3188 Christi.

102 3212 238 3284 Nativitas
251 3222 284 3285 S.
301 3219 432 3284 Joannis
448 3219 610 3303 Baptistae.

104 3309 216 3378 Festum
233 3317 266 3380 S.
283 3313 415 3400 loseph,
432 3314 537 3398 sponsi
554 3315 593 3378 B.
611 3313 653 3377 M.
667 3313 708 3380 V.

103 3405 214 3474 Festum
227 3412 283 3475 SS.
298 3409 522 3494 Apostolorum
538 3407 624 3471 Petri
642 3417 673 3470 ct
688 3405 791 3470 Pauli.

104 3499 269 3590 Assumptio
284 3506 390 3569 Beatae
405 3503 512 3566 Mariae
527 3501 681 3589 Virginis.

104 3593 215 3661 Festum
231 3598 381 3664 Omnium
404 3596 605 3661 Sanctorum.

106 3686 252 3755 Dedicatio
268 3691 405 3777 propriae
420 3691 579 3755 Ecclesiae.

107 3777 244 3848 Patronus
261 3787 312 3851 vcl
324 3785 446 3848 Titulus
460 3785 620 3850 Ecclesiae.

187 4229 266 4270 OFFST.
278 4230 299 4265 ill
311 4230 362 4264 ltus.
