2750 4738
460 173 655 220 ronrrrrcrn.
1003 157 1061 222 tat

61 283 100 346 illi
114 281 164 346 rel
178 276 365 360 adderetur,
378 277 431 341 vel
446 277 512 342 ulla
526 276 650 340 ratione
663 275 863 360 demeretur,
877 289 985 344 lamen
998 302 1070 366 pro·

60 397 161 464 gressu
190 373 359 459 temporis,
397 373 466 438 sive
503 373 801 461 typographorum,
832 373 901 440 sive
931 374 1069 442 aliorum

60 470 212 536 temeritas
228 478 261 531 et
278 465 412 532 audacia
429 466 547 550 elleoit,
560 477 598 532 ut
610 467 702 531 multi
720 467 753 532 in
772 488 822 550 ea,
839 489 911 554 quse
927 467 1071 555 hispro·

59 565 144 629 rimis
169 562 260 627 annis
287 582 403 627 excusa
435 573 511 628 sunt
537 561 688 640 Missalia,
717 583 844 626 errores
871 562 1070 649 irrepserint,

60 657 167 745 quibus
181 655 397 722 vetustissima
413 655 467 720 illa
483 677 647 722 sacrorum
661 656 845 721 Bibliorum
861 658 980 740 versio,
999 678 1071 745 quae

60 754 146 816 ctiam
162 762 236 815 ante
251 750 352 815 saneti
367 751 556 838 Hieronymi
571 761 718 837 tempera
732 750 870 816 celebris
897 752 1007 817 habita
1024 762 1073 817 est

60 847 87 909 in
98 845 247 927 Ecclesia,
267 853 300 908 et
315 865 355 908 ex
370 865 434 930 qua
450 866 562 909 omnes
578 843 648 908 iere
670 845 837 908 blissarum
853 844 1022 929 Introitus,
1040 855 1073 910 et

60 961 122 1027 qua
150 937 304 1004 dicuntur
332 937 525 1024 Gradualia,
553 947 586 1006 et
610 937 784 1006 Offertoria
813 948 948 1025 accepta
976 950 1069 1024 sunt,

60 1036 181 1098 omnino
197 1034 324 1098 sublata
340 1042 410 1098 est:
441 1035 658 1121 Epistularum
675 1045 708 1100 et
730 1034 982 1120 Evangeliorum
999 1043 1072 1098 tex·

61 1139 114 1209 tus,
126 1129 182 1215 qni
198 1129 364 1215 hucusque
380 1128 412 1191 in
430 1129 531 1194 Missa
543 1129 707 1195 solemniis
723 1129 889 1212 praelectus
906 1138 964 1210 est,
986 1129 1071 1192 mul·

59 1223 94 1285 tis
108 1222 138 1284 io
152 1222 230 1286 locis
246 1219 451 1306 perturbatus
464 1245 473 1287 r
491 1224 567 1308 ipsis
578 1223 760 1311 Evangeliis
772 1220 912 1305 diversa,
929 1242 966 1286 ac
978 1243 1069 1308 pror·

60 1338 104 1381 sus
118 1316 244 1381 insolita
259 1315 387 1402 praelixa
403 1316 516 1383 initia:
545 1319 684 1404 plurima
700 1316 841 1403 denique
865 1317 983 1402 passim
1009 1338 1070 1402 pro

59 1411 182 1474 arbitrio
198 1411 365 1476 immutata
380 1413 466 1476 sint:
490 1412 583 1499 eujus
603 1413 651 1476 rei
671 1420 844 1498 praetextus
859 1409 958 1474 luisse
976 1407 1069 1476 ride·

60 1515 105 1568 tur
115 1515 149 1570 ut
160 1506 267 1570 omnia
278 1504 320 1570 ad
331 1508 548 1593 praescriptum
561 1528 723 1573 sacrorum
735 1505 918 1570 Bibliorum
930 1506 1069 1593 vulgate

60 1599 200 1666 editionis
214 1613 454 1682 revocarentur,
468 1604 558 1690 quasi
570 1601 604 1667 id
612 1601 707 1668 alicui
723 1601 854 1687 propria
864 1600 1065 1680 auctoritate,

60 1703 146 1780 atque
161 1695 334 1781 apostoliea
350 1694 434 1760 Sede
446 1697 625 1762 inconsulta
639 1696 746 1760 lacere
763 1694 888 1759 licitum
904 1693 958 1757 sit.
972 1690 1068 1774 Quod

59 1787 114 1851 llos
127 1787 432 1864 animadvertentes,
463 1811 522 1878 pro
543 1799 651 1856 nostra
678 1788 830 1875 pastorali
847 1785 1064 1869 solicitudine,

60 1904 116 1968 qua
131 1885 280 1950 omnihus
307 1885 341 1948 in
368 1886 476 1967 rebus,
505 1908 543 1951 ac
563 1887 725 1973 precipue
754 1884 787 1948 in
803 1883 901 1948 sacris
916 1882 1066 1946 Ecclesiae

60 1976 176 2059 ritibus,
206 1981 361 2066 optimam
392 2002 528 2068 eantque
554 1992 699 2047 veterem
727 1998 874 2042 normam
900 1973 1066 2040 studemus

61 2075 133 2137 tueri
148 2084 181 2138 et
195 2095 387 2140 conservare
403 2096 411 2138 r
428 2076 568 2160 primum
582 2074 736 2160 praedicta
750 2072 889 2136 Missalia
912 2071 1067 2156 impressa

61 2166 100 2230 sic
120 2165 296 2252 depravata
321 2167 488 2254 prohiberi
515 2178 548 2233 et
567 2167 729 2254 abrogari,
762 2185 940 2253 eorumque
972 2184 1066 2228 usum

60 2260 87 2321 in
101 2262 315 2327 celebratione
329 2264 497 2327 lllissarum
514 2260 663 2328 interdici
672 2259 839 2346 jussimus,
859 2259 920 2322 nisi
934 2255 976 2322 ad
988 2278 1066 2342 pras·

60 2357 203 2440 scriplum
232 2357 426 2443 exemplaris
452 2356 512 2420 sub
536 2357 605 2441 ipsc
632 2356 690 2420 Pio
716 2354 757 2420 V.
782 2352 873 2433 editi,
892 2352 1016 2438 integre
1032 2350 1067 2413 in

61 2450 199 2515 omnibus
213 2449 465 2516 emendarentur
484 2473 493 2514 r
521 2448 640 2514 deinde
666 2445 890 2513 mandavimus
905 2443 1067 2508 nonnullis

59 2544 290 2608 venerabilibus
311 2543 464 2608 iratribus
491 2544 606 2607 nostris
622 2544 655 2607 S.
673 2544 716 2607 R.
738 2543 776 2606 Ε.
794 2539 1017 2606 cardinalibus
1032 2538 1065 2602 in

61 2638 146 2701 sacris
156 2637 286 2702 Litteris
297 2639 443 2718 versatis,
458 2649 490 2703 et
502 2637 723 2704 ecclesiastice
732 2634 930 2722 antiquitatis
940 2633 1062 2719 peritis,

60 2740 88 2794 ul
100 2752 207 2796 curam
222 2732 348 2795 Missale
363 2729 404 2794 ad
420 2733 586 2818 pristinam
604 2741 636 2796 et
650 2752 746 2818 quam
760 2732 899 2795 maxime
916 2726 1064 2792 emenda·

60 2832 117 2887 tam
137 2824 276 2888 formam
290 2824 481 2890 restituendi
497 2827 719 2912 susciperent:
737 2826 792 2912 qui
817 2847 876 2910 pro
904 2845 961 2889 suu
987 2844 1064 2908 erga

59 2917 114 2980 llos
139 2917 215 3001 lide,
246 2928 279 2982 ct
307 2919 340 2981 in
367 2939 534 2994 romanam
562 2919 737 2984 Ecclesiam
752 2919 871 3004 pietate
886 2928 920 2982 et
944 2913 1061 3000 studio,

60 3009 201 3078 adhibitis
231 3013 328 3078 etiam
356 3014 425 3077 aliis
447 3035 557 3077 rerum
585 3013 869 3078 ecclesiasticarum
896 3011 1007 3098 peritis
1033 3019 1065 3074 et

60 3107 185 3172 eruditis
200 3108 291 3186 viris,
309 3118 341 3172 et
357 3109 521 3175 veteribus
543 3108 734 3188 Missalibus,
759 3107 894 3194 aliisque
910 3115 1064 3193 praetcrea

60 3199 151 3287 libris,
184 3202 241 3290 qui
256 3201 299 3267 ad
315 3225 386 3268 earn
409 3225 479 3267 rem
502 3204 676 3289 opportuni
691 3202 899 3283 videbantur,
916 3211 1063 3265 accurate

60 3299 245 3385 perquisitis,
260 3308 293 3362 et
308 3298 481 3386 diligenter
495 3300 657 3385 inspectis,
674 3299 800 3363 Missale
815 3316 982 3362 romanum
999 3315 1062 3359 sure

59 3390 224 3480 integritati
243 3395 424 3478 restituere,
441 3416 480 3458 ac
491 3394 590 3480 ipsius
605 3395 654 3458 Pii
669 3395 710 3462 V.
729 3403 883 3458 eteorum
899 3392 955 3479 qui
967 3390 1009 3456 ab
1024 3411 1062 3455 eo

60 3483 164 3554 delecti
189 3490 330 3572 lucrant,
357 3491 503 3554 laborem
528 3500 561 3555 et
586 3489 785 3577 diligentiam
816 3486 1005 3553 conlirmare
1030 3495 1063 3550 ct

60 3582 259 3667 comprobare
275 3593 445 3648 curarunt.
459 3584 581 3651 Verum
604 3584 638 3646 in
661 3606 700 3649 eo
723 3604 857 3648 munere
876 3578 1061 3668 peragendo

60 3671 239 3758 factumest,
256 3687 293 3741 ut
308 3680 461 3742 nonnulla
473 3699 513 3742 ex
524 3676 671 3765 diligenti
682 3679 838 3742 librorum
856 3677 1061 3762 antiquorum

61 3769 217 3834 collatione
233 3772 267 3835 in
283 3773 450 3837 meliorem
466 3773 602 3836 formam
618 3772 760 3845 redacta.
789 3781 821 3836 et
836 3772 869 3835 in
895 3769 1015 3856 regulis
1030 3779 1062 3833 ct

61 3861 185 3929 rubricis
213 3867 321 3954 aliqua
346 3866 479 3931 uberius
509 3877 542 3932 et
570 3869 687 3933 clarius
716 3888 864 3954 expressa
891 3865 965 3948 sint,
989 3885 1060 3952 quae

61 3963 156 4024 tamen
165 3983 205 4024 ex
218 3961 346 4026 illorum
358 3963 524 4048 principiis
536 3975 569 4028 et
579 3962 796 4028 fundamentis
806 3961 898 4050 quasi
908 3957 1058 4038 deducta,

62 4050 176 4121 illorum
191 4077 321 4122 sensum
336 4058 453 4123 imitari
470 4059 587 4144 potius,
604 4069 637 4124 et
651 4061 812 4147 supplere,
826 4078 922 4144 quam
938 4050 1062 4141 aliquid

181 4179 265 4218 ΟῑΉΤ.
278 4180 299 4213 tlt
310 4180 361 4214 llUfl.
836 4159 874 4221 1¹¹
