2754 4740
324 207 385 268 174
607 225 694 268 arrus
717 225 906 270 catarnaum
930 229 1055 272 russan.

323 327 627 392 commemoratione
650 326 747 402 lacta,
764 336 848 390 stans
864 338 901 390 ut
922 329 1010 412 prius
1026 331 1164 394 extensis
1183 331 1330 394 manibus

323 421 528 509 prosequitur
543 423 637 504 Ipsis,
654 422 799 501 Domine,
813 433 840 484 et
851 423 991 487 omnibns
1008 427 1041 487 in
1057 423 1190 508 Christo,
1215 438 1284 507 etc,
1300 437 1327 487 et

323 519 355 580 in
368 517 430 580 line
446 516 487 579 ad
500 517 567 580 Per
578 516 727 597 eamdem,
740 514 852 602 jungit
866 538 992 599 manus,
1010 528 1042 581 et
1057 529 1153 604 caput
1167 520 1305 582 inclinat.

366 611 399 674 5.
425 609 504 675 Cum
527 607 627 673 dicit:
646 609 741 674 Nobis
767 631 886 695 quoqne
906 613 1130 695 peccatoribus,
1148 634 1261 678 vocem
1274 615 1328 675 ali-

323 707 513 791 quantulum
530 707 645 786 elevat,
660 714 692 768 et
707 702 838 768 dextera
862 727 961 770 manu
984 718 1096 792 pectus
1110 709 1169 772 sibi
1182 708 1324 794 percutit,

322 800 448 864 sinistra
470 800 572 885 posita
591 820 688 883 super
714 798 898 883 Corporale,
925 811 958 865 et
976 804 1182 889 prosequitur
1212 812 1327 866 secreto

321 893 450 981 [amiclis
466 899 539 974 teris,
565 906 633 972 etc,
659 904 745 958 stans
760 895 908 959 manibus
924 898 1061 960 extensis
1077 907 1113 961 ut
1128 898 1229 982 prius.
1254 896 1325 960 Cum

322 991 487 1056 dicitPer
511 988 670 1054 Cirr-istam
695 990 864 1053 Dominam
885 1003 1039 1056 reostrnm:
1063 994 1130 1056 Per
1157 1014 1246 1078 quem
1269 992 1324 1054 laer

321 1090 436 1163 omnio,
453 1087 594 1164 Domine,
612 1105 728 1166 semper
743 1084 822 1148 bona
833 1107 927 1164 creos,
941 1086 1051 1173 jungit
1067 1109 1180 1151 manus
1191 1096 1328 1171 antepe-

321 1191 401 1260 etus,
419 1177 537 1244 deinde
554 1199 652 1241 mauu
667 1178 800 1243 dextera
812 1191 860 1244 ter
872 1183 999 1268 signans
1011 1183 1227 1246 communiter
1238 1202 1327 1265 super

320 1276 465 1341 Hostiam
483 1284 514 1339 et
529 1272 681 1349 Calicem,
699 1271 777 1338 dicit
791 1279 893 1339 sancti
902 1276 929 1360 †
940 1277 1025 1357 ficos,
1044 1277 1234 1363 eivi†ficas,
1252 1277 1331 1339 bene·

320 1372 347 1457 †
364 1372 453 1447 dicis,
469 1379 496 1430 et
507 1377 639 1452 prrestos
655 1367 753 1431 nobis.
781 1370 896 1433 Postea
924 1369 1119 1456 discooperit
1144 1392 1244 1436 manu
1259 1369 1330 1432 dex·

321 1481 387 1528 tera
404 1464 554 1545 Calicem,
572 1470 603 1525 et
618 1462 807 1547 genuflexus
835 1466 1078 1530 Sacramentum
1104 1465 1242 1531 adorate
1267 1476 1327 1528 tum
1365 1505 1366 1508 κ

319 1583 352 1625 se
369 1561 475 1646 erigit,
493 1569 524 1623 et
539 1566 727 1622 reverenter
740 1559 856 1643 accipit
877 1553 1021 1625 Hostiam
1037 1561 1123 1624 inter
1140 1560 1287 1644 pollicem
1301 1566 1327 1618 et
1365 1569 1366 1650 j

319 1653 459 1717 indicem
473 1650 612 1715 dexterae
627 1669 739 1713 manus
752 1674 760 1731 ;
777 1661 898 1716 etcum
914 1674 1055 1738 easuper
1070 1652 1224 1732 Calicem,
1238 1672 1325 1738 quem

318 1772 416 1816 manu
437 1749 564 1814 sinistra
592 1757 680 1809 tenet
708 1747 793 1810 circa
819 1747 941 1811 nodum
962 1750 1046 1812 infra
1060 1771 1215 1834 cuppam,
1231 1749 1327 1833 signat

318 1857 367 1911 ter
382 1868 398 1910 a
416 1845 501 1910 labio
522 1841 564 1907 ad
585 1840 720 1920 labium,
753 1840 863 1906 dicens
883 1845 949 1907 Per
970 1844 997 1926 †
1021 1846 1135 1926 ipsam,
1159 1855 1188 1906 et
1216 1863 1282 1905 cnm
1303 1841 1328 1925 †

318 1945 396 2024 ipso,
414 1953 441 2004 ct
453 1942 486 2003 in
501 1938 528 2023 †
544 1939 625 2022 ipse.
637 1937 676 1998 Et
692 1936 839 1999 similiter
853 1958 928 2000 curn
939 1938 1049 2001 Hostia
1065 1938 1171 2022 signat
1184 1939 1236 2002 bis
1251 1938 1327 1999 inter

318 2034 456 2097 Calicem
479 2042 510 2095 et
527 2042 648 2116 pectus,
666 2030 822 2114 incipiens
838 2052 857 2093 a
872 2031 958 2094 labio
975 2031 1099 2112 Calicis,
1129 2041 1162 2094 et
1185 2030 1265 2095 dicit
1289 2041 1327 2093 est

318 2128 374 2192 tibi
388 2130 453 2193 Deo
469 2127 558 2211 Pa†
574 2127 617 2189 tri
631 2127 833 2206 omnipotenti
846 2127 879 2188 in
893 2127 1011 2188 unitate
1022 2127 1161 2207 Spiritus
1176 2125 1205 2208 †
1220 2126 1323 2188 selecti.

316 2220 441 2286 Deinde
467 2231 579 2284 tenens
607 2238 704 2282 manu
730 2216 864 2282 dextera
886 2220 1030 2283 Hostiam
1059 2241 1156 2303 super
1180 2220 1323 2299 Calicem,

316 2317 442 2381 sinistra
464 2314 613 2396 Calicem,
638 2314 744 2377 elevat
770 2335 844 2376 eum
870 2315 1104 2400 aliquantulum
1136 2315 1235 2378 simul
1260 2335 1325 2380 eum

316 2414 438 2491 Hostia,
456 2410 566 2474 dicens
582 2410 681 2473 omnis
697 2406 796 2470 honor
810 2419 837 2470 et
849 2409 963 2493 glorie,
982 2419 1013 2473 et
1035 2409 1141 2472 statim
1158 2421 1326 2495 utrumque

316 2508 492 2591 deponens,
502 2504 647 2569 Hostiam
660 2503 794 2566 collocat
806 2524 902 2587 super
915 2501 1136 2588 Corporale,et
1148 2504 1173 2565 si
1187 2525 1268 2590 opus
1280 2503 1324 2578 sit,

316 2598 434 2688 digitos
451 2599 600 2686 extergit,
617 2608 776 2680 utsupra,
794 2617 831 2660 ac
852 2598 983 2682 pollices
999 2609 1031 2661 et
1046 2595 1169 2660 indices
1193 2610 1230 2662 ut
1247 2598 1326 2682 prius

311 2696 465 2782 jungens,
483 2693 623 2758 Calicem
649 2689 739 2755 Palla
766 2693 921 2776 cooperit,
951 2703 983 2756 et
1008 2692 1200 2778 genuflexus
1225 2694 1327 2757 Sacra·

315 2799 458 2853 mentum
476 2788 599 2851 adorat.

360 2887 392 2948 4.
410 2886 446 2947 In
459 2883 553 2947 Missa
565 2883 698 2946 solemni
728 2903 801 2946 cum
813 2882 979 2947 celebrans
989 2881 1159 2946 dicittPer
1167 2904 1258 2968 quern
1269 2882 1324 2944 lae
1345 2905 1348 2912 ¹
1364 2887 1365 2902 ¹

317 2984 431 3060 ornain,
458 2991 528 3059 eta,
545 2977 710 3059 diaconus,
741 2979 823 3041 lacta
854 2978 1061 3042 Sacramenta
1088 2976 1321 3064 genuflexione,

316 3073 439 3140 aceedit
453 3074 495 3138 ad
511 3073 676 3138 dexteram
691 3074 895 3153 celebrantis,
910 3084 942 3137 et
957 3071 1086 3160 quando
1099 3095 1179 3158 opus
1191 3084 1252 3155 est,
1268 3072 1322 3134 dis·

316 3171 459 3256 cooperit
470 3169 620 3248 Calicem,
636 3178 752 3232 etcum
765 3167 947 3232 celebrante
956 3164 1086 3231 adorate
1099 3166 1249 3230 similiter
1259 3185 1323 3229 coo·

316 3267 409 3351 perit,
428 3267 592 3330 etiterum
619 3263 817 3350 genuflectit.
840 3263 920 3328 Cum
946 3262 1058 3347 incipit
1087 3263 1187 3325 Pater
1214 3271 1319 3334 noster,

317 3360 402 3426 idern
429 3359 519 3426 vadit
541 3369 627 3423 retro
655 3367 725 3443 post
749 3360 979 3438 celebrantem,
996 3357 1080 3421 facta
1109 3357 1198 3441 prius
1216 3353 1323 3419 Sacra-

316 3467 424 3521 mento
440 3455 676 3543 genuflexione,
697 3453 753 3517 ubi
774 3465 835 3520 stat
850 3453 928 3517 dum
944 3452 1062 3517 dicitur
1084 3451 1195 3516 Oratio
1220 3447 1322 3513 Domi·

316 3573 399 3616 arca.

319 3743 368 3816 Χ.
413 3743 466 3818 De
498 3743 672 3819 Oratione
702 3742 921 3827 Dominae,
955 3749 988 3813 et
1016 3735 1103 3812 aliis
1133 3756 1246 3830 nsque
1277 3731 1323 3806 ad

580 3865 715 3954 fererant
747 3859 1063 3936 Cenrnnrnienenr.

363 4118 392 4181 l.
417 4115 611 4193 Calabram,
643 4126 793 4201 cooperto
821 4115 945 4190 Caliee,
974 4110 1172 4195 adoratoque
1211 4108 1317 4171 Sacra·
