2750 4738
330 265 506 310 cananaeus
527 267 679 312 urssams.
957 241 1027 326 1¹41⁴
1124 307 1127 316 .

10 378 113 450 vcrrtvr,
132 369 284 450 Quatuor
305 369 526 454 Temporibus,
546 382 578 436 ct
592 371 719 458 Vigiliis
734 391 805 457 quea
816 367 1018 456 jejunantur,

9 463 145 548 exceptis
162 462 285 550 Vigilia
302 463 481 531 Natiuitatis
507 465 647 549 Domini,
664 466 690 531 si
713 463 839 530 venerit
862 462 895 526 in
911 460 1023 528 Domi·

9 561 85 638 nica,
105 568 138 622 ct
150 558 274 646 Vigilia
290 560 418 624 Pascha
434 571 466 626 ct
479 563 694 640 Pentecostes,
711 583 748 625 ac
763 560 910 643 Quatuor
930 559 1023 623 Tem·

9 655 134 739 poribus
151 657 379 719 Pentecosten:
407 676 466 721 nec
486 655 604 722 dieitur
626 657 659 722 in
681 658 773 721 Festo
791 655 848 719 SS.
866 655 1023 719 Innocen·

10 753 95 832 tium,
114 751 179 814 nisi
197 751 323 815 venerit
337 751 371 816 in
385 753 566 819 Dominioa.

50 846 80 908 5.
103 844 132 908 A
147 846 393 932 Septuagcsima
407 869 509 935 usqua
531 846 571 912 ad
584 847 717 927 Pascha,
736 846 806 934 ejus
820 848 890 910 loeo
906 842 1024 910 dicitur

15 944 152 1022 Tractus,
172 939 230 1026 qui
245 941 375 1005 Tractus
392 940 541 1028 praedicto
553 953 696 1029 tempore
707 943 737 1006 in
752 939 912 1028 aliquibus
923 939 1024 1003 Feriis

13 1058 69 1098 non
85 1033 221 1112 dicitur,
237 1044 273 1099 ut
286 1036 351 1099 suis
362 1037 439 1102 locis
451 1039 600 1124 ponitur:
631 1059 691 1102 nec
713 1034 831 1101 dieitur
844 1036 875 1098 in
891 1033 1023 1098 Feriisa

10 1129 253 1216 septuagesima
266 1129 422 1218 usquead
441 1131 739 1220 Quadragcsimam,
757 1127 886 1220 quando
902 1128 1023 1214 repeti-

11 1237 57 1289 tur
71 1226 168 1289 Missa
181 1225 369 1290 Dominicis.

49 1323 78 1385 6.
101 1322 200 1385 Dicto
225 1320 391 1406 Graduali,
418 1345 476 1388 seu
496 1323 650 1411 Allelujo,
674 1345 731 1388 seu
753 1323 880 1398 Tracta,
906 1316 1024 1382 dicitur

10 1417 228 1502 Evanpettmo.
250 1418 289 1482 Et
304 1419 336 1482 in
353 1417 510 1506 principio
525 1420 693 1506 Evangelii
720 1416 838 1483 dicitur
867 1416 1020 1479 Dominus

10 1515 173 1577 roliacum.
188 1519 226 1592 al.
243 1515 285 1577 Et
296 1537 365 1602 com
379 1519 493 1600 spirito
506 1528 571 1581 too.
589 1514 714 1581 Deinde
729 1515 897 1601 Sequentia
925 1512 1026 1576 sancti

11 1609 175 1694 Evangelii
187 1609 356 1674 secundnm
372 1613 412 1675 N.
429 1619 468 1691 al.
489 1611 597 1676 Gloria
629 1611 696 1689 titt,
725 1611 868 1674 Domine.
900 1607 937 1669 In
961 1607 1026 1668 linc

12 1705 173 1792 Evangelii
205 1726 226 1768 a
256 1705 401 1770 ministro
432 1704 645 1793 respondetur
673 1708 756 1769 Eous
787 1703 853 1783 tibi,
886 1700 1019 1765 Christe.

12 1796 98 1877 Ouod
116 1799 218 1862 etiam
231 1795 349 1882 dieitur
361 1801 392 1865 in
404 1801 467 1864 fine
484 1801 568 1864 illius
584 1800 682 1885 partis
694 1797 863 1878 Passionis,
881 1816 952 1882 epure
976 1795 1023 1857 lc-

13 1895 91 1977 gitur
121 1895 155 1958 in
188 1904 266 1958 tono
303 1897 481 1983 Evangelii,
517 1906 730 1982 preterquam
767 1895 799 1958 in
833 1895 1021 1957 Parasceve.

13 1989 132 2071 Postea,
151 1990 179 2053 si
193 1987 367 2054 dicendum
380 2001 438 2076 est,
454 1989 570 2056 dicitur
589 1988 700 2054 Credo.

331 2262 406 2338 XI.
439 2265 495 2339 De
517 2262 701 2361 Symbola.

54 2535 244 2629 Syrnbolum
259 2542 375 2608 dicitur
387 2555 457 2629 post
472 2532 683 2633 Evangelium
700 2545 731 2608 in
749 2543 898 2608 omnihus
914 2542 1024 2606 Domi-

19 2639 87 2702 nicis
116 2660 179 2724 per
212 2659 344 2721 annum,
370 2641 493 2705 etiamsi
518 2641 548 2704 in
573 2641 635 2705 illis
661 2640 715 2705 liat
730 2637 771 2704 da
786 2638 892 2716 Festo,
908 2639 940 2701 in
957 2658 1022 2724 quo

18 2733 84 2796 alias
106 2753 173 2795 non
191 2729 365 2813 diceretur,
383 2735 435 2799 vcl
450 2735 616 2800 Dominioa
633 2744 737 2800 vacet.
755 2735 791 2798 ln
805 2732 906 2797 tribus
921 2731 1024 2796 Missis

19 2825 236 2892 chativitale
259 2827 399 2908 Domini,
417 2839 449 2893 et
464 2828 616 2916 deinceps
642 2851 744 2917 usque
760 2826 801 2893 ad
815 2828 970 2892 Octavam
985 2827 1020 2890 8.

19 2922 140 2986 loannis
157 2920 298 3006 Apostoli
312 2922 477 2990 inclusive.
488 2925 525 2987 In
537 2925 727 3010 Epiphania,
741 2933 774 2988 et
787 2943 843 3007 per
855 2922 1020 2986 Octavam.

19 3015 100 3080 Feria
111 3016 227 3103 quinta
242 3017 274 3080 in
292 3016 387 3080 Coena
402 3019 542 3086 Domini.
568 3018 605 3081 ln
632 3019 787 3083 Paschate
802 3015 1022 3081 Resurrectio·

19 3112 70 3194 nis,
96 3123 129 3176 et
155 3133 215 3196 per
240 3112 405 3178 Octavam.
445 3115 481 3178 ln
512 3112 707 3178 Ascensione
736 3112 876 3195 Domini,
902 3121 934 3176 ct
963 3133 1021 3196 per

20 3205 177 3271 Octavam.
191 3206 227 3269 ln
240 3208 438 3289 Pentecoste,
453 3218 484 3272 ct
495 3230 553 3294 pcr
567 3207 732 3274 Octavam.
750 3208 786 3270 In
798 3208 890 3271 Festo
906 3205 1022 3292 Corpo-

21 3302 56 3362 ris
70 3302 198 3384 Christi,
218 3312 248 3366 et
265 3324 322 3387 per
336 3303 500 3368 Octavam.
517 3305 552 3367 In
569 3303 722 3373 omnibus
732 3302 832 3366 Fastis
846 3302 885 3366 Β.
901 3300 1019 3382 Maria,

22 3404 47 3457 et
66 3419 121 3480 pcr
137 3397 287 3461 Octavus
306 3398 342 3460 ln
359 3396 411 3461 dic
427 3400 528 3463 Natali
553 3414 584 3467 ot
615 3403 648 3465 in
678 3402 770 3465 Festo
792 3395 963 3461 Patrocinii
986 3395 1018 3458 S.

21 3489 141 3577 loseph.
160 3493 197 3555 In
210 3491 310 3554 Fastis
322 3491 493 3558 duodecim
506 3495 744 3582 Apostolorum,
759 3503 791 3557 ct
802 3490 1020 3576 Evangelista·

21 3605 92 3667 rum,
107 3597 139 3650 ct
152 3607 210 3671 por
226 3586 373 3651 Octavas
393 3588 429 3650 ln
446 3599 582 3679 utraque
595 3588 754 3656 Cathcdra
770 3588 804 3651 S.
822 3585 921 3662 Petri,
940 3593 972 3648 ct
987 3583 1019 3646 in

21 3678 101 3744 Festo
128 3683 163 3746 S.
192 3681 279 3745 Petri
307 3681 348 3745 ad
375 3683 523 3749 Vincula.
548 3687 585 3749 In
612 3685 712 3749 Fastis
739 3678 963 3747 Conversionis
989 3688 1021 3743 ct

22 3771 330 3842 Commemorationis
346 3778 380 3842 S.
399 3779 489 3842 Pauli
504 3777 660 3864 Apostoli.
678 3780 715 3842 Iu
729 3780 821 3842 Festo
838 3778 871 3840 S.
890 3773 1021 3838 loannis

22 3879 84 3933 onte
100 3881 227 3957 portam
242 3871 399 3936 Latinam.
421 3874 458 3936 ln
473 3874 565 3938 Festo
588 3876 622 3940 S.
638 3873 793 3938 Barnabae
809 3869 965 3955 Apostoli.
982 3868 1018 3930 ln

22 3961 109 4029 Fastis
135 3966 333 4032 luventionis
360 3978 392 4030 et
417 3967 622 4034 Exaltatiouis
647 3970 681 4032 S.
710 3967 831 4033 Crucis.
859 3967 896 4028 ln
926 3965 1018 4027 Festo

24 4057 123 4124 Cordis
150 4061 241 4124 Jesu.
272 4061 307 4124 ln
339 4062 431 4125 Festo
462 4063 682 4147 pretiosissimi
712 4061 896 4148 Sanguinis,
927 4068 958 4123 ct
987 4057 1019 4119 in

24 4150 300 4244 Transfigurationc
315 4157 455 4222 Domini.
478 4160 513 4222 ln
530 4159 629 4223 Festis
649 4157 857 4249 Angelorum.
876 4159 912 4223 ln
927 4155 1020 4222 Festo
