2754 4740
314 233 355 298 tl
724 251 919 305 suessiones

356 357 402 420 2⁰.
416 357 626 443 Excipiuntur
639 356 735 421 etiam
747 357 864 443 reliqui
880 356 949 422 dies
960 358 1042 422 infra
1054 359 1190 425 Octavus
1201 356 1317 421 Pascha

310 462 342 516 et
355 454 571 532 Pentecostes,
588 452 644 538 qui
661 461 735 515 sunt
750 451 830 516 ritus
847 451 1086 540 Semiduplicis.

242 623 245 630 ⁵
280 729 337 866 ><

626 673 656 766 ς.
685 671 723 744 s.
750 672 807 746 ne
832 670 1000 769 leius.

736 901 812 987 (m.
839 901 910 984 vr).

355 1121 474 1202 Quaest.
491 1117 545 1181 25.
574 1115 652 1192 Qua
669 1114 703 1177 V
701 1114 798 1200 ipilita
813 1128 961 1180 vocantur
976 1118 1127 1204 majores,
1145 1143 1214 1206 quoe
1227 1121 1319 1186 mino-

310 1235 378 1293 res;
403 1215 465 1276 siue
476 1209 687 1296 privilegiatae
699 1220 727 1272 et
743 1230 806 1272 non
822 1211 1060 1299 privilegiatae?

353 1311 396 1373 R.
413 1306 539 1392 Vigiliae
547 1303 727 1368 Natiuitatis
735 1305 874 1383 Domini,
884 1306 1071 1392 Epiphaniae
1084 1319 1117 1373 et
1128 1310 1320 1375 Pentecostes

309 1400 548 1485 suntmajores;
565 1397 696 1483 reliquae
709 1419 819 1462 omnes
839 1410 914 1464 sunt
929 1403 1082 1485 minores,
1105 1413 1137 1467 et
1155 1405 1319 1489 praelcrun·

311 1504 364 1558 tur
378 1493 477 1558 Festis
501 1489 707 1577 simplicibus
730 1501 865 1555 tantum.

355 1589 480 1676 Vigiliae
491 1585 671 1651 Natiuitatis
685 1585 813 1649 Domini
831 1595 863 1649 et
874 1588 1078 1654 Pentecosles
1094 1588 1248 1674 rejiciunt
1262 1612 1280 1653 a
1292 1611 1319 1652 se

310 1682 537 1774 quodcumque
552 1679 680 1744 Festum
693 1701 864 1746 occurrens
876 1683 972 1746 etiam
982 1684 1110 1769 Duplex
1125 1687 1141 1748 1
1160 1685 1202 1748 cl.
1215 1685 1320 1771 Vigilia

310 1803 388 1846 vcro
407 1774 592 1864 Epiphaniae
604 1773 712 1861 quoad
727 1797 783 1840 sua
798 1777 968 1865 privilegia
987 1779 1206 1897 aequiparatur
1221 1778 1321 1842 Domi-

311 1875 390 1941 nicis
405 1869 640 1939 communibus.

354 1971 474 2051 Quaest.
491 1967 546 2030 26.
569 1964 622 2027 An
639 1985 742 2028 omnes
759 1965 793 2027 V
791 1964 886 2051 epslroe
901 1988 969 2029 cunr
977 1969 1102 2054 jejunio
1115 1966 1319 2032 celebrantur?

353 2066 396 2128 R.
423 2063 588 2144 'Quantum
605 2070 653 2124 est
667 2057 742 2122 de
726 2081 804 2145 Jure
817 2063 991 2144 communi,
1005 2061 1131 2147 Vigiliae
1148 2084 1259 2126 omnes
1272 2063 1318 2125 ha·

309 2159 388 2223 bent
408 2154 572 2240 jejunium
600 2176 774 2236 annexum,
803 2156 944 2240 exeeptis
971 2155 1116 2220 duabus:
1141 2157 1318 2241 Epiphania

309 2249 565 2326 etAscensionis,
579 2269 617 2310 eo
633 2248 720 2334 quod
734 2269 798 2311 non
814 2246 926 2312 deceat
937 2250 1090 2332 letitiam,
1106 2271 1147 2312 cx
1156 2250 1318 2314 Nativitate

309 2357 341 2411 et
362 2343 609 2411 Resurrecticne
621 2343 751 2406 Domini
766 2353 921 2424 exortam,
936 2353 1129 2428 temperare.

353 2439 571 2521 Quamobrem
589 2437 710 2522 priores
726 2447 881 2502 vocantur
895 2437 1022 2524 Vigiliae
1038 2457 1108 2522 quae
1123 2439 1316 2523 jejunantur,
1366 2401 1367 2490 1

310 2532 501 2619 posteriores
516 2531 642 2617 Vigiliae
659 2552 729 2616 quae
745 2552 806 2594 noir
814 2532 1015 2615 jejunantur.

355 2627 405 2691 Ob
436 2622 583 2689 eamdem
608 2644 749 2706 eausam,
778 2624 929 2686 nimirum
949 2625 1251 2712 proptergaudinm
1266 2626 1319 2688 Re·
1364 2685 1365 2688 ,

246 2749 248 2755 ·
309 2721 512 2786 surrectionis
533 2718 672 2795 Domini,
688 2741 758 2806 quae
773 2719 906 2805 singulis
918 2720 1092 2784 Dominicis
1109 2713 1271 2800 recolitur,
1284 2717 1318 2780 de
1364 2693 1365 2774 l

311 2817 441 2904 Vigilia‚
459 2837 529 2902 quae
549 2813 671 2878 occurit
685 2814 718 2876 in
737 2813 915 2890 Dominus,
929 2811 963 2876 fit
978 2814 1146 2878 Officium
1138 2836 1171 2877 rn
1187 2814 1317 2878 Sabbato
1363 2835 1364 2914 J

311 2911 516 2996 praeccdenti.

254 2993 258 3010 ’
353 3006 472 3087 Quaest.
492 3006 545 3068 27.
574 3003 678 3083 Quare
693 3001 856 3066 decliuem
873 3003 1086 3087 responsione:
1110 3011 1264 3088 quantum
1277 3007 1316 3061 est
1362 2973 1363 3056 l

133 3149 138 3158 .
230 3145 240 3156 -
275 3143 286 3164 .
309 3099 386 3163 de
372 3120 448 3185 Jure
471 3097 657 3162 commoni?
1361 3127 1362 3195 l

261 3272 265 3276 .
352 3195 395 3260 R.
420 3193 503 3274 Quia
518 3191 698 3279 obligatio'
684 3189 803 3276 Jejunir
795 3188 1044 3276 quibusdam
1036 3211 1068 3250 m
1081 3189 1159 3252 locis
1175 3190 1316 3274 abrogata

320 3298 367 3353 est
392 3308 450 3372 pro
467 3286 612 3371 pluribus
637 3284 776 3370 Vigiliis.
803 3285 842 3347 Et
866 3283 908 3345 ita
937 3280 1090 3368 obligatio
1107 3281 1302 3367 jejunandi
1295 3301 1321 3342 m
1360 3275 1361 3337 l

309 3379 500 3470 quibusdam
510 3379 648 3465 Vigiliis,
659 3377 846 3442 auctoritate
859 3373 951 3439 Sedis
961 3375 1184 3459 Apostolieae,
1177 3399 1207 3440 m
1220 3373 1360 3478 Belgio,

311 3479 437 3543 sublata
460 3486 507 3540 est
536 3497 555 3538 a
583 3472 746 3538 Clemente
773 3472 860 3552 xlv,
878 3471 919 3533 22
934 3469 1022 3532 Junn
1045 3469 1149 3551 1771,
1175 3480 1205 3534 el
1231 3466 1321 3530 novis·

310 3573 389 3636 sime
411 3593 470 3657 per
494 3567 652 3633 indultum
670 3565 866 3632 reductionis
883 3564 1048 3627 Festorum
1061 3563 1081 3625 9
1093 3561 1212 3647 Aprilis
1234 3560 1320 3634 1802,
1358 3557 1359 3619 l

311 3665 419 3729 omnia
447 3661 675 3750 Vigiliarum
660 3660 787 3748 Jejnnia
812 3679 980 3745 suppressa
1001 3667 1075 3720 sunt
1098 3668 1216 3742 prester
1239 3655 1358 3759 quim,

311 3780 375 3844 que
397 3753 552 3821 nimirum
568 3758 600 3821 in
622 3758 749 3845 Vigiliis
768 3753 947 3820 Natiuitatis
964 3752 1100 3830 Domini,
1117 3753 1319 3823 Pentecostes,

314 3853 371 3916 SS.
400 3853 487 3916 Petri
515 3863 546 3916 et
571 3852 675 3934 Pauli,
699 3848 932 3936 Assumptionis
964 3857 996 3910 et
1025 3846 1177 3910 Omnium
1199 3847 1319 3908 Sancto·
1356 3843 1357 3902 l

311 3966 396 4010 rum.
1355 3979 1356 4042 ,

354 4048 473 4129 Quaest.
487 4050 541 4114 28.
569 4050 638 4130 Quo
654 4052 718 4112 ritu
729 4059 924 4160 peraguntur
941 4045 1094 4133 Wyiltae?

355 4141 398 4207 11.
422 4141 547 4230 Vigiliae
561 4143 700 4208 minores
717 4145 782 4209 ritu
797 4141 939 4230 Simplici
953 4149 1162 4228 peraguntur.
1180 4134 1314 4204 Officium
