2754 4740
342 247 375 287 nr
397 245 548 288 unsarans
570 244 746 286 sauviana.
1011 227 1053 289 19

46 370 115 413 vero
130 348 196 411 lere
209 349 317 411 omnia
332 349 425 412 Festa
439 348 472 410 iu
502 344 555 409 die
580 344 790 410 determinata
814 346 932 409 mensis
957 347 1052 412 lixum

45 442 144 507 sedem
160 443 312 522 habeant,
326 453 362 507 ut
379 440 490 508 videre
506 442 596 504 estin
608 439 805 504 Kalendario
818 465 826 523 ;
843 439 959 505 exinde
971 464 1054 527 see-pe

44 536 191 602 acciditut
202 538 381 616 Dominicis,
394 559 427 602 v.
442 559 475 622 g.
487 539 538 601 vel
553 537 681 599 Festum
698 533 816 597 mobile
827 533 858 596 in
872 555 944 598 eum
960 534 1054 601 eadat

44 631 123 696 diem
146 634 196 697 cui
211 635 341 697 Festum
365 632 530 697 immobile
554 641 600 694 est
623 630 831 714 assignatum,
860 630 969 715 sicque
988 631 1053 696 duo

44 727 328 791 occurrantOfficia
348 723 553 791 celebranda.
585 725 643 786 Ille
664 733 774 786 autem
797 723 954 809 conflictae
972 727 1053 790 inter

47 819 154 904 Officia
165 823 197 882 in
210 841 272 884 nno
285 821 445 904 eademqne
457 821 505 882 die
517 816 706 897 celebranda,
721 814 809 878 estid
821 816 908 902 quod
922 830 1054 884 vocatur

46 911 260 978 occurrentia.
278 913 320 979 V.
338 935 370 999 g.
394 910 462 976 dics
477 913 519 974 50
532 910 649 975 mensis
666 908 856 973 Novembris
880 924 1055 998 occupatur

46 1007 132 1070 Festo
148 1008 181 1070 S.
199 1004 337 1071 Andreae
353 1031 362 1088 3
391 1016 424 1070 at
445 1006 514 1069 fieri
541 1015 656 1091 potest,
673 1003 697 1066 si
726 1003 827 1066 littera
844 1005 1052 1071 Dominiealis

47 1112 89 1163 est
104 1124 130 1178 a,
146 1112 182 1164 ut
194 1101 307 1165 eodem
323 1100 377 1165 die
392 1101 543 1166 adveniat
559 1099 724 1164 Dominica
739 1100 754 1161 I
769 1096 936 1163 Adventus
949 1124 958 1184 3
976 1112 1053 1167 tune

46 1194 166 1257 Festum
183 1196 217 1258 S.
235 1194 372 1259 Andreae
387 1206 420 1260 et
445 1196 611 1259 Dominica
633 1194 687 1256 illa
710 1191 862 1256 dicuntur
882 1215 1050 1260 occurrere.

86 1287 203 1367 Quaest.
217 1289 272 1352 55.
295 1290 359 1367 Qui
373 1301 446 1353 sant
460 1291 580 1375 effaetas
598 1285 837 1353 Oeenrrentiae?

85 1382 125 1444 R.
142 1383 189 1444 Ex
203 1382 410 1446 Occurrentia
422 1381 453 1446 id
472 1384 608 1447 efficitur
623 1392 670 1458 ut,
692 1403 765 1446 cum
781 1382 907 1446 nonnisi
931 1381 972 1446 de
987 1406 1053 1449 uno

47 1473 108 1535 fieri
122 1477 220 1561 possit
235 1478 396 1563 integrum
413 1479 572 1556 Officium,
598 1476 638 1540 dc
661 1479 761 1540 altero
778 1478 829 1541 vel
851 1477 906 1542 liat
929 1488 1053 1542 tantum

49 1567 298 1635 Commemoratio
317 1574 388 1636 loeo
404 1573 519 1650 Officii,
537 1573 587 1638 vel
604 1573 709 1655 ipsum
725 1569 873 1634 Officium
890 1572 1051 1658 integrum

49 1663 76 1723 in
91 1665 188 1728 alium
204 1663 291 1729 diem
321 1667 540 1752 transferatur.
557 1667 655 1730 Proin
677 1666 740 1729 tria
764 1665 955 1752 inquirenda
981 1678 1055 1732 sunt

48 1756 76 1817 in
102 1759 188 1821 omni
219 1760 371 1824 conflictu
394 1762 535 1844 plurium
558 1759 766 1823 Officiorum:

88 1853 131 1914 1⁰.
161 1852 332 1936 Quodnam
350 1853 498 1918 Officium
521 1855 645 1939 potiora
667 1853 744 1938 jura
773 1852 890 1915 habeat
918 1861 954 1916 ut
983 1855 1054 1919 aliis

50 1947 243 2034 praeferatur,
268 1949 336 2012 sive
352 1947 393 2011 de
414 1970 554 2034 quonam
570 1948 717 2012 Officium
733 1945 802 2009 fieri
814 1945 949 2031 debeat3

90 2042 133 2104 2⁰.
151 2041 364 2123 Quandonam
380 2045 515 2106 alterum
526 2042 674 2107 Officium
686 2042 753 2104 sola
765 2038 1056 2109 Commemoratione

19 2153 22 2159 ·
52 2134 87 2196 sit
100 2134 321 2220 peragendum
331 2159 341 2219 3

90 2233 133 2292 5⁰.
150 2228 362 2310 Quandonam
382 2251 459 2295 vero
483 2231 651 2316 privilegio
677 2231 889 2296 translationis
903 2230 1054 2319 gaudeat,

51 2323 88 2386 ita
100 2334 134 2388 ut
148 2333 252 2387 totum
268 2324 337 2409 ejus
354 2325 500 2389 Officium
525 2326 556 2388 in
573 2327 670 2390 alium
687 2323 774 2389 diem
790 2326 966 2411 rejiciatur.

88 2419 160 2483 Haee
177 2419 236 2482 tria
264 2419 510 2504 explicabuntur
536 2419 569 2482 in
599 2419 807 2504 sequentibus
833 2421 1052 2506 paragraphis.

50 2639 74 2730 l.
94 2642 127 2714 2.
150 2637 346 2738 Quodnam
366 2639 537 2734 Officium
572 2638 681 2715 alteri
698 2641 973 2740 prcelnendnm
991 2648 1051 2718 sit.

342 2848 348 2857 ’
445 2860 538 2946 (Tab.
557 2859 655 2945 oca).

89 3068 204 3148 Quaest.
223 3067 277 3130 56.
296 3066 447 3145 Quartam
461 3073 595 3134 estratio
610 3091 667 3133 cnr
681 3091 778 3132 annm
795 3068 943 3155 Officium
966 3073 1059 3140 alteri

52 3162 81 3221 in
96 3160 297 3225 Occrrrrentia
307 3160 474 3243 pererrabat
487 3161 506 3223 ?
1055 3218 1063 3248 ,

89 3255 129 3317 tt.
145 3254 200 3317 Est
213 3253 311 3338 ipsius
325 3252 426 3316 Officii
440 3253 590 3341 dignitas,
610 3258 662 3320 vel
674 3259 855 3339 necessitas,
874 3263 926 3326 vet
948 3261 1056 3350 digni-

52 3355 92 3408 tas
108 3356 139 3410 et
165 3347 337 3409 necessitas
366 3347 472 3411 simul.
497 3351 641 3435 Dignitas
666 3351 809 3437 quidem,
841 3355 930 3418 utin
957 3359 1057 3423 Festis

51 3439 222 3505 Natiuitatis
237 3441 377 3520 Domini,
391 3443 587 3527 Epiphaniae‚
613 3444 847 3532 Assumptionis
872 3449 911 3511 Β.
937 3451 980 3516 Μ.
1011 3454 1053 3520 V.

51 3534 193 3598 Omnium
219 3535 425 3617 Sanctorum,
463 3558 553 3622 quas,
581 3560 655 3602 eum
692 3540 840 3626 Duplicia
875 3541 937 3605 sint
967 3545 983 3607 l
1011 3550 1053 3610 cl.

51 3638 79 3691 et
108 3629 240 3717 quidem
277 3628 394 3693 Christi
430 3630 557 3695 Domini
597 3643 629 3697 et
665 3635 861 3698 Beatissimae
891 3635 1055 3724 Virginis,

52 3725 192 3789 omnibns
209 3723 279 3787 aliis
293 3722 448 3810 dignitate
464 3729 671 3792 antecellunt.
701 3729 877 3792 Necessitas
908 3751 996 3812 vero,
1021 3745 1057 3799 ut

53 3816 80 3878 in
94 3817 267 3882 Dominicis
294 3816 473 3899 Adventus,
498 3822 758 3908 Septuagesimae,
783 3821 1055 3911 Quadragesimae,

53 3910 135 3976 Faria
149 3913 192 3979 IV
205 3912 357 3977 Cinerum
379 3923 441 3976 etc.
464 3915 540 3980 Haec
555 3918 641 3981 enim
657 3939 851 4003 quamquam
867 3919 931 3982 ritu
958 3921 1058 3984 Semi·

57 4002 220 4090 dupliciae
238 4007 381 4091 Simplici
406 4009 619 4090 celebrantur,
637 4022 742 4076 tamen
757 4012 856 4075 Festis
870 4013 1058 4097 Duplicibus

56 4096 144 4184 lenge
156 4100 358 4186 dignioribus
369 4100 400 4164 in
415 4101 788 4190 Occurrentiapraestant‚
797 4107 873 4193 quia
884 4127 944 4170 nec
954 4110 1057 4174 omitti
