2750 4738
333 280 395 347 126
792 308 897 351 sustu

332 412 364 468 et
383 405 445 471 illis
465 410 523 491 uti,
547 429 649 496 eaque
675 407 816 474 vendere
841 408 1019 494 respective
1041 409 1177 494 possint,
1199 411 1329 474 similiter

330 503 557 587 permittimus,
574 513 607 568 et
631 501 848 592 indulgemus.
874 505 945 568 Non
968 504 1169 570 obstantibus
1193 505 1326 588 licentiis,

308 594 474 680 indultis,
498 609 541 680 ct,
569 599 747 685 privilegiis
767 600 1038 687 quibuscumque,
1065 600 1270 685 typographis
1284 621 1330 683 per

330 690 405 776 Nos,
423 715 480 759 seu
495 715 644 758 romanos
663 694 835 759 Pontifices
849 691 1100 781 predecessores
1116 705 1253 773 nostros,
1271 694 1329 757 llis·

329 787 394 850 sale
410 785 616 874 imprimendi
638 789 807 868 concessis,
825 811 897 872 quae
918 808 978 872 per
1000 799 1173 872 praesentcs
1196 809 1330 874 expresse

329 899 530 964 revocamus,
548 892 580 947 et
601 893 750 948 revocata
772 885 1018 963 essevolumus,
1044 902 1173 946 necnon
1194 881 1331 948 constitu·
1366 899 1367 946 l

328 975 471 1042 tionibus
500 988 533 1041 et
558 977 815 1042 ordinationibus
836 979 1028 1064 apostolocis
1052 976 1270 1063 generalibus,
1288 979 1331 1039 vel

328 1072 532 1156 specialibus,
543 1073 576 1137 in
587 1074 1027 1159 contrariumpraenrissorum
1038 1069 1331 1156 quomodocumque

328 1166 498 1248 concessis,
522 1167 717 1253 approbatis,
735 1175 768 1230 et
793 1167 999 1230 confirmatis.
1027 1161 1329 1240 Quibus-omnibus,

329 1258 452 1324 etiamsi
469 1259 510 1324 de
526 1261 601 1342 illis,
619 1281 796 1347 eorumque
820 1261 895 1324 totis
910 1259 1075 1324 tenoribus
1091 1258 1253 1342 specialis,
1269 1277 1332 1342 spc-

328 1351 428 1431 cifica,
447 1363 479 1418 et
501 1375 651 1440 expresse
667 1355 786 1422 motatio
803 1352 953 1418 habende
969 1362 1062 1435 esset,
1090 1363 1221 1416 tenores
1235 1350 1333 1436 hujus-

327 1444 417 1509 modi
436 1448 646 1533 presentibus
661 1470 721 1534 pro
738 1450 896 1535 expressis
906 1449 1074 1527 babentes,
1085 1447 1147 1511 hac
1164 1449 1236 1512 vice
1253 1444 1332 1508 dum·

327 1549 414 1606 taxat
424 1543 617 1628 specialiter,
636 1553 668 1606 et
682 1563 830 1629 expresse
842 1542 1047 1631 derogamus.
1065 1543 1225 1609 Volumus
1235 1552 1332 1606 autem

325 1646 362 1700 ut
387 1639 591 1722 praesentium
617 1639 824 1722 transumptis
846 1639 944 1702 ctiam
967 1637 1141 1722 impressis,
1167 1657 1264 1700 manu
1285 1634 1332 1696 ali·

326 1729 418 1816 cujus
443 1733 560 1797 notarii
583 1733 706 1817 publici
723 1733 920 1819 subscriptis,
939 1742 972 1797 et
992 1732 1098 1818 sigillo
1117 1730 1256 1816 alicujus
1268 1750 1330 1814 pcr·
1367 1817 1368 1824 ἵ

325 1844 410 1888 sonte
426 1826 459 1889 in
471 1825 630 1912 dignitato
642 1829 857 1892 ecclesiastica
872 1828 1052 1892 eonstitutae
1066 1827 1212 1905 munitis,
1227 1823 1329 1888 eadcrn

325 1939 457 2004 prorsus
472 1920 551 1984 fides
567 1921 774 2001 adhibeatur,
791 1945 863 2010 quae
887 1923 964 2009 ipsis
980 1921 1192 2008 praesentibus
1209 1919 1330 1986 adhibe·

324 2022 424 2096 retur,
441 2015 467 2078 si
483 2027 588 2081 essent
602 2018 753 2082 exhibitae
769 2021 822 2083 vcl
838 2029 984 2082 ostensae.

367 2107 485 2174 Datum
496 2113 608 2176 Romae
620 2110 707 2198 apud
719 2124 860 2178 sanctam
873 2113 1005 2177 Mariam
1020 2112 1189 2198 Majorem,
1210 2107 1269 2172 sub
1283 2127 1330 2168 art·

324 2201 400 2268 nulo
415 2205 597 2286 Piscatoris,
612 2207 665 2272 dic
677 2208 817 2274 secunda
831 2209 1080 2294 SeptembrisM.
1091 2210 1132 2272 D.
1143 2207 1179 2270 C.
1189 2200 1327 2268 XXXIV.

322 2297 529 2366 Pontificatus
544 2305 644 2367 nostri
663 2327 746 2369 anno
764 2304 970 2370 duodecimo.

453 2438 497 2502 M.
521 2438 562 2504 A.
588 2439 828 2506 MARALDUS.
1019 2440 1049 2504 J.
1076 2441 1248 2504 Snvsnrsn.

649 2668 1022 2698 4³-

496 2839 560 2914 ιιι
585 2837 907 2913 ιιιιοιιιιιοιιιιιι
933 2805 1187 2916 ιιιιιιιειιισ

404 3011 407 3016 ’
433 3056 582 3119 saona
607 3054 780 3118 ιιιιιιιιιι
812 3054 1219 3120 consaeosrsoms.

736 3263 754 3269 ,..
764 3258 888 3274 qo...

363 3406 460 3469 Sacra
482 3403 618 3467 Rituum
634 3397 858 3486 Congregatio,
883 3395 1070 3461 inherendo
1090 3393 1228 3459 decretis
1254 3393 1323 3456 alias

318 3500 421 3583 sactis,
439 3498 590 3584 prohibet
604 3495 735 3558 omnino
760 3493 870 3557 Missas
891 3515 910 3556 a
931 3513 1021 3556 sacra
1035 3491 1172 3556 Rituum
1189 3489 1324 3575 Congre-

318 3595 446 3680 gatione
462 3614 527 3656 non
549 3589 753 3677 approbatas,
775 3597 808 3652 et
822 3589 987 3674 signanter
1008 3586 1118 3649 Missas
1133 3591 1323 3669 nuncupatas

318 3691 352 3753 S.
384 3687 531 3774 Gregorii
562 3707 620 3771 pro
642 3685 725 3749 vivis
748 3694 781 3747 et
803 3681 977 3761 defunctis,
1005 3681 1115 3745 Missas
1145 3677 1322 3769 quindecim

316 3782 565 3862 Auxiliatorum,
584 3783 712 3845 Missam
735 3778 776 3843 de
798 3781 892 3843 Patre
914 3789 1046 3855 aeterno,
1065 3786 1097 3840 et
1111 3790 1321 3862 quascumque

316 3878 406 3954 alias,
423 3887 460 3940 ut
479 3899 586 3961 supra,
605 3898 669 3940 non
685 3875 890 3962 approbatas.

358 3972 459 4035 Nemo
474 3970 592 4036 audeat
604 3972 651 4034 uti
667 3973 785 4056 pileolo
801 3971 834 4033 in
850 3969 1067 4035 celebratione
1080 3967 1248 4032 Missarum
1260 3964 1319 4028 sine

316 4087 466 4153 expressa
479 4066 610 4130 licentia
621 4065 712 4130 Sedis
731 4066 928 4151 Apostolum,
943 4085 1007 4128 non
1019 4061 1165 4127 obstante
1177 4076 1319 4148 quacum·

317 4184 380 4249 que
397 4161 556 4228 contraria
572 4161 815 4225 consuetudine.
