2806 4736
554 253 657 295 mnu.

91 356 271 419 Dominioae
292 356 405 440 primae
429 354 549 417 elassis.

91 450 269 512 Dominioae
285 446 433 512 secundae
449 448 568 511 elassis.

89 544 242 628 Duplicia
259 544 384 630 majora
400 565 458 628 per
475 561 608 606 annum.

89 639 195 702 Feriae
213 638 363 724 majores.

88 733 217 796 Tabula
234 732 460 796 Occurrentiae.
642 795 645 802 ⁴
668 817 670 822 Α

87 827 217 890 Tabula
232 827 477 891 Concurrentiae.
568 846 570 852 ’

303 1191 499 1258 RUBRICAE
522 1195 704 1261 MISSALIS
727 1192 902 1257 ROMANI.

88 1387 187 1452 Bulla
204 1390 253 1452 Pii
268 1391 363 1477 Papae
378 1395 418 1461 V.

89 1482 186 1547 Bulla
204 1485 374 1550 Clementis
390 1491 485 1575 Papae
501 1492 587 1557 VIII.

91 1579 187 1643 Bulla
205 1579 326 1646 Urbani
342 1584 437 1670 Papae
453 1587 539 1654 VIII.

91 1673 228 1737 Decreta
246 1675 278 1738 S.
298 1678 430 1744 Rituum
447 1682 718 1769 congregauonis.

91 2091 120 2152 1.

91 2186 134 2250 II.

90 2279 149 2342 III.

90 2374 147 2440 IV.

89 2469 130 2535 V.

90 2562 146 2628 VI.

90 2657 161 2722 VII.

90 2750 176 2815 VIII.

93 2938 147 3000 IX.

92 3033 133 3095 X.

92 3221 147 3284 XI.

92 3314 162 3380 XII.

193 1926 195 1934 .
309 1879 482 1956 Rubricoe
497 1886 692 1979 generales
710 1882 890 1956 Missalis.

268 2093 315 2156 Do
329 2096 466 2181 Duplici.

268 2186 315 2251 De
335 2191 555 2280 semiduplici,
577 2205 608 2258 et
625 2191 780 2277 Simplici.

265 2283 312 2346 De
331 2286 433 2370 Fene,
456 2299 487 2352 et
503 2289 630 2374 vigilia.

267 2378 314 2441 De
333 2382 432 2445 Missis
446 2385 558 2448 votivis
571 2384 603 2447 S.
623 2383 741 2465 Maris,
760 2389 791 2444 et
807 2379 888 2442 aliis.

266 2472 312 2537 De
327 2475 427 2541 Missis
442 2479 686 2544 Defunctorum.

264 2567 311 2630 De
330 2570 548 2639 Translatione
564 2575 742 2638 Fastorum.

265 2660 312 2725 De
332 2663 708 2734 commemorationibus.

266 2755 313 2820 De
330 2760 476 2845 Introitu,
495 2765 592 2849 Kyrie
609 2765 739 2848 eleison,
762 2771 793 2825 et
813 2759 921 2826 Gloria
941 2756 975 2820 in

309 2856 452 2919 excelsis.

265 2944 311 3006 Do
329 2946 544 3014 Orationibus.
871 3013 875 3023 ,

266 3038 312 3102 Do
328 3043 479 3127 Epistola,
497 3043 662 3130 GraduaII,
677 3044 829 3130 Alleluja‚
850 3052 882 3107 et
897 3043 976 3106 Tra·

310 3144 373 3219 ctu,
392 3160 430 3202 ac
450 3139 491 3202 de
507 3141 693 3224 Evangelio.

266 3229 312 3292 De
329 3232 492 3315 SymboIo.

265 3321 312 3385 De
339 3326 520 3414 Offertorio,
548 3331 695 3414 secretis,
717 3327 974 3408 Praefationibus‚

308 3428 338 3481 ot
354 3422 494 3488 Conone.

169 3554 176 3569 .
266 3511 311 3574 Do
354 3516 614 3603 Communione,
656 3517 860 3583 Orationibus
906 3522 977 3601 post

308 3606 598 3697 Communionem,
636 3616 683 3678 Ite
707 3616 800 3678 Missa
825 3621 893 3695 est,
923 3609 976 3674 vel
1124 3692 1126 3697 Ι

307 3702 539 3771 Benedicamus
569 3709 729 3792 Domino,
752 3707 805 3771 -de
832 3704 975 3770 Benedi-
1019 3725 1024 3734 ·
1112 3749 1115 3755 ·

307 3798 422 3882 ctione,
449 3810 481 3863 et
503 3803 676 3886 Evangelio
700 3803 733 3866 S.
759 3803 903 3866 Ioannis.
1042 3796 1106 3876 145
1241 3866 1245 3873 .

166 3935 173 3950 .
262 3891 307 3954 De
348 3892 526 3959 ordinanda
567 3899 659 3962 Missa
700 3920 750 3962 ex,
785 3897 974 3983 supradictis

306 3988 465 4054 Rubricis.
1042 3990 1106 4052 144

150 4127 156 4142 .
261 4079 308 4142 De
325 4084 404 4147 hora
422 4084 607 4150 celebrandi
625 4089 764 4152 Missam.
1041 4082 1106 4149 145
