2754 4740
323 212 366 274 54
749 226 940 275 oumsrronns
973 187 975 191 ¹

323 333 375 398 die
405 333 550 422 sequenti
577 331 620 395 50
640 329 796 410 Januarii,
822 329 952 392 Festum
978 329 1011 391 S.
1044 330 1206 414 Martium,
1236 333 1325 398 Serni-

321 427 468 515 dupie13
500 428 629 491 Festum
662 425 695 487 S.
712 423 872 487 Francisci
895 421 1013 486 dicitur
1039 445 1230 490 concurrere
1258 449 1320 490 cum

320 522 413 587 Festo
443 523 475 585 S.
507 521 670 585 Martinae:
704 515 818 581 eodem
839 518 924 580 enim
942 517 994 580 die
1025 519 1079 599 29,
1097 518 1224 583 Festum
1249 522 1324 606 prius

320 617 421 701 exigit
435 637 508 680 suas
532 611 688 678 secundas
711 612 869 697 Vesperas
890 622 921 676 ct
944 613 1101 697 posterius
1118 634 1190 678 suas
1206 616 1321 700 primas.

364 710 483 791 Quaest.
496 709 551 772 57.
574 707 751 791 Quotupieu
765 717 809 770 est
825 703 1049 772 Concurrentiu
1068 704 1085 768 ,Ρ

362 804 405 868 R.
423 805 570 890 Duple13
595 803 658 866 aiia
674 813 722 866 est
737 804 848 882 oetion,
866 821 938 887 quae
953 822 987 864 se
1005 812 1093 866 tenet
1109 825 1149 867 ex
1172 816 1260 888 parte
1281 828 1319 869 se·

318 896 495 962 cundarum
510 899 727 983 Vespererum
743 895 847 960 Officii
864 895 1086 981 praecedentis,
1103 897 1191 984 quod
1209 901 1323 986 proprie

318 1012 391 1055 cum
415 993 563 1081 sequenti
591 993 765 1056 concurrit.
790 989 863 1055 Alia
882 1001 929 1054 est
941 995 1080 1075 passion,
1103 1013 1175 1080 quae
1200 1017 1232 1058 se
1248 1004 1323 1058 tenet

317 1106 357 1150 ex
371 1097 463 1172 parte
487 1087 665 1173 primarum
688 1087 905 1172 vesperarum
934 1086 1036 1151 Officii
1062 1090 1239 1172 sequentis,
1260 1109 1320 1152 cum

316 1181 434 1267 quibus
459 1183 610 1268 Vespere
631 1179 850 1267 precedentes
878 1191 1088 1246 concurrunt.
1121 1183 1159 1245 In
1189 1185 1322 1268 exemplo

316 1277 413 1340 aliato
437 1277 566 1341 Festum
597 1277 631 1342 S.
651 1275 813 1340 Francisci
837 1275 1000 1339 concurrit
1021 1276 1125 1342 activo
1150 1299 1224 1341 cum
1242 1279 1322 1340 Festo

316 1368 350 1431 S.
369 1370 523 1452 Martinae,
555 1371 618 1434 hoo
640 1390 717 1434 vero
742 1369 867 1456 passive
890 1389 963 1432 cum
986 1369 1079 1433 Festo
1107 1371 1141 1433 S.
1161 1368 1320 1436 Francisci.

359 1462 479 1543 Quaest.
494 1464 548 1527 58.
577 1461 656 1542 Quia
674 1473 716 1526 est
734 1465 856 1549 effectus
871 1458 1141 1527 Concurrentioe?

313 1567 316 1575 ‘
357 1557 400 1620 R.
417 1554 555 1621 Effectus
570 1559 813 1638 concurrentia,
837 1565 874 1619 ut
889 1576 928 1617 ex
941 1553 1034 1618 dictis
1056 1566 1156 1640 patet,
1188 1569 1269 1623 totus
1283 1566 1322 1620 est

314 1651 349 1712 in
362 1651 522 1737 Vesperis,
539 1661 575 1715 ut
589 1652 641 1716 vel
659 1653 786 1738 inteproe
802 1650 880 1714 fiant
896 1647 936 1712 de
953 1651 1108 1714 alterutro
1125 1652 1238 1716 Officio
1254 1672 1320 1715 con-

313 1746 531 1830 ourrentium‚
561 1748 613 1812 vel
642 1746 922 1831 inter'utrumquc
946 1743 1160 1827 dimidientur,
1178 1748 1222 1811 ita
1237 1746 1320 1808 nimi·

313 1861 385 1904 rum
421 1851 457 1905 ut
486 1842 603 1906 Psalmi
639 1862 713 1906 oum
735 1839 929 1930 Antiphonis
961 1839 1024 1902 sint
1051 1837 1092 1902 de
1118 1837 1321 1925 praecedenti,

314 1932 496 2019 Capitulum
529 1957 608 2002 vero
642 1958 715 2002 cum
740 1934 874 2022 reliquis
902 1932 958 1997 fiat
984 1930 1025 1997 de
1055 1935 1220 2021 sequenti,
1258 1952 1319 1997 cum

314 2027 627 2094 Commemoratione
649 2028 874 2116 praeccdentis.

357 2123 476 2204 Quaest.
490 2126 544 2191 59.
573 2127 652 2207 Quae
669 2125 779 2212 Officia
799 2124 1030 2191 Concurrentioe
1044 2124 1145 2214 iocum
1161 2118 1318 2206 prebent?

355 2217 398 2282 R.
426 2219 470 2283 1⁰.
495 2221 586 2286 Festa
602 2220 750 2306 Dupliciu
773 2231 805 2285 et
830 2217 1063 2302 Serniduplicia‚
1081 2239 1156 2282 cum
1172 2228 1315 2301 utrasque

314 2310 454 2379 habeant
464 2315 634 2402 Vesperas,
652 2317 819 2402 utriusque
836 2315 931 2378 etiam
947 2312 1199 2393 Concurrentiaa,
1217 2311 1317 2376 activa

313 2414 345 2468 et
356 2409 500 2491 passivae,
516 2411 624 2474 locum
640 2408 783 2494 praeberc
798 2417 942 2493 possunt.
966 2406 1059 2470 Festa
1074 2426 1153 2470 vero
1169 2402 1319 2488 Simplicio
1372 2449 1373 2458 ,

313 2501 471 2584 passivam
486 2513 610 2568 tautum
627 2503 770 2583 habent;
800 2502 911 2587 incipit
937 2500 1025 2563 enim
1048 2519 1160 2564 eorum
1183 2497 1318 2584 Officium

313 2614 331 2656 a
353 2595 504 2683 Vesperis
521 2609 553 2662 et
568 2598 760 2662 terminatur
775 2595 817 2660 ad
842 2598 978 2660 Nonam.

356 2689 402 2754 2⁰.
426 2694 499 2756 Dies
511 2694 681 2758 Donrtntcae
693 2702 758 2756 tam
770 2691 873 2755 active
889 2709 985 2776 quom
1000 2689 1126 2772 passive
1138 2704 1318 2754 concurrere

312 2797 465 2868 possunt3
491 2786 639 2873 quamvis
666 2787 753 2848 enim
778 2796 815 2849 ut
837 2786 916 2849 tates
933 2785 1137 2868 ‚incipianta
1161 2782 1317 2857 Matutino,
1371 2825 1372 2856 ,

312 2876 458 2966 adeoquo
484 2878 642 2944 secundas
669 2890 792 2944 tantum
814 2878 955 2943 habeant
979 2879 1150 2962 Vesperas,
1174 2899 1245 2962 quae
1260 2875 1317 2940 Ve-

312 2993 412 3055 sperae
433 2984 506 3036 sunt
521 2974 710 3056 Dominicae5
728 2982 887 3059 quotenus
909 2982 1015 3036 tamen
1044 2993 1156 3036 earum
1182 2970 1318 3035 Officium

314 3075 360 3130 est
375 3066 595 3152 Semiduplex,
614 3067 734 3132 hahent
750 3078 782 3132 et
797 3068 874 3152 ipsae
889 3068 1008 3152 primas
1024 3067 1195 3151 Vesperas,
1210 3081 1314 3147 nempe

312 3158 472 3242 Vesperas
488 3160 634 3226 Sabbati.

356 3253 402 3317 5⁰.
425 3257 522 3318 Feriae
536 3256 658 3320 nuliam
675 3254 804 3340 proprie
820 3253 941 3318 hahent
956 3254 1234 3335 Concurrentiam3
1248 3249 1318 3314 inci-

312 3345 359 3431 pit
374 3348 459 3411 enim
476 3358 507 3411 et
520 3345 639 3414 desinit
655 3350 783 3411 illarum
799 3347 960 3432 Officium,
980 3349 1036 3413 ubi
1052 3347 1171 3413 desinit
1182 3359 1237 3412 aut
1250 3344 1317 3408 inci·

313 3437 361 3524 pit
387 3440 476 3505 aliud
506 3463 524 3504 a
550 3464 615 3527 quo
645 3440 878 3526 impcdiuntur.
911 3441 1137 3523 Quod-autem
1161 3441 1317 3506 Feriarum
1369 3457 1370 3510 t

312 3532 480 3598 Adventus
495 3545 528 3599 et
554 3533 813 3621 Quadragesimae
839 3536 1036 3620 semperfiat
1061 3532 1317 3601 Commemoratio
1369 3561 1370 3566 κ

313 3627 346 3688 in
361 3628 523 3713 Vesperis,
542 3630 576 3694 id
592 3652 656 3694 non
671 3630 829 3717 contingit
854 3631 978 3696 ratione
1005 3631 1252 3708 Concurrentiae,
1268 3621 1317 3690 sod

313 3721 411 3804 ipsius
426 3725 578 3808 temporis
596 3725 802 3810 privilegium
818 3734 866 3787 est
881 3722 953 3800 (Tit.
969 3727 1026 3804 XI,
1044 3749 1076 3789 n.
1092 3726 1138 3811 9).

358 3815 407 3876 4⁰.
435 3815 564 3902 Vipiir'ae
590 3817 715 3896 itidem,
742 3840 815 3882 cum
840 3839 859 3880 a
884 3819 1040 3884 Matutino
1067 3819 1199 3904 incipiat
1220 3836 1317 3881 earum
1368 3827 1369 3842 *

314 3905 464 3971 Officium
494 3921 526 3974 ct
551 3912 743 3975 terminetur
772 3909 813 3975 ad
840 3910 976 3989 Nonam,
1001 3914 1130 3976 nullam·
1156 3912 1317 3976 admittunt

315 4001 576 4069 Concurrentiam
590 4005 737 4091 (excepta
752 4005 872 4092 Vigiiia
885 4007 1073 4094 Epiphaniae
1089 4004 1196 4094 quoad
1212 4005 1316 4091 primas

313 4096 496 4182 Vesperas).
