2764 4742
440 841 518 928 Du
545 841 712 931 ANNO

366 1077 415 1142 ut
438 1075 536 1142 llJUS
559 1078 779 1144 PARTIBUS.

378 1377 730 1422 :w

98 1610 217 1675 Annus
233 1631 361 1674 menses
378 1607 476 1672 habet
496 1605 679 1686 duodecim,
706 1604 927 1672 hebdomadas
952 1605 1031 1672 duas
1048 1618 1080 1671 ct

60 1705 311 1792 quinquaginta,
338 1714 369 1768 et
384 1701 470 1766 diem
484 1723 600 1780 unum,
625 1701 787 1766 dicavere
813 1711 972 1766 trecentos
988 1721 1081 1766 sexa·
1113 1731 1117 1736 ·

60 1797 147 1884 ginta
171 1799 333 1884 quinque,
362 1806 393 1860 et
418 1795 486 1858 lere
512 1817 568 1860 sex
584 1796 678 1860 horas
697 1818 705 1860 :
722 1805 809 1859 tanto
826 1793 911 1858 enim
927 1794 1080 1879 temporis

60 1894 235 1957 intervallo
260 1893 307 1955 sol
332 1889 505 1956 Zodiacum
533 1894 717 1978 perlustrat.
742 1891 863 1974 Quatcr
889 1901 996 1956 autem
1024 1910 1080 1954 sex

61 1987 144 2051 lrorae
172 1986 313 2074 singulis
339 1985 502 2073 quaternis
529 1987 620 2050 anuis
644 1984 730 2050 diem
761 1985 979 2050 constituunt:
1003 1983 1079 2048 hinc

61 2101 161 2144 annus
185 2080 243 2142 ille
259 2078 458 2142 intercalaris
479 2077 653 2160 Bissextus,
671 2080 723 2143 vel
742 2077 932 2143 Bisscxtillis
946 2075 1076 2142 dicitur.
1126 2118 1128 2128 ,

132 2335 190 2408 De
205 2337 297 2408 ararat
315 2331 538 2408 correctione
555 2333 704 2427 esusque
721 2335 942 2419 necessitate,
959 2353 1003 2407 oc

332 2435 558 2513 Kolendart'o
575 2442 810 2537 preporiono.

103 2693 202 2778 Quod
222 2693 415 2772 dictumest,
434 2715 551 2758 annum
569 2695 732 2759 continere
747 2704 906 2759 trecentos
930 2705 962 2757 ct
982 2715 1072 2758 sexa·

60 2793 147 2879 ginta
164 2790 311 2876 quinque
324 2787 404 2871 dies,
419 2799 451 2852 et
465 2789 604 2853 sereser
619 2787 727 2870 horas,
745 2786 988 2876 intelligendum
1015 2799 1074 2868 cst,

60 2907 113 2950 sex
126 2885 229 2947 horas
241 2903 305 2946 non
323 2903 391 2946 esse
418 2882 569 2969 integras,
588 2904 661 2948 cum
677 2882 718 2947 ad
731 2905 841 2948 carum
857 2885 1074 2969 complemen—

60 2993 127 3046 tum
144 2977 255 3063 aliqua
269 2975 392 3040 minuta
416 2975 578 3042 deliciunt.

99 3076 147 3137 Ex
159 3093 301 3159 quorum
318 3073 515 3136 minutorum
538 3075 688 3160 neglectu
703 3093 910 3160 progressum
925 3082 983 3151 est,
998 3093 1034 3135 ac
1045 3072 1071 3140 si

61 3189 174 3246 annus,
193 3167 277 3230 ultra
293 3165 362 3230 dics
377 3167 452 3248 565,
475 3169 652 3232 contineret
668 3169 808 3253 integras
828 3187 884 3230 sex
897 3166 1015 3230 horas:
1041 3176 1073 3228 ct

60 3263 254 3343 factumest,
271 3271 307 3325 ut
326 3261 461 3340 minuta,
488 3283 558 3347 quae
588 3264 672 3326 ultra
698 3259 841 3331 debitam
862 3261 1072 3345 quantitatem

60 3359 149 3423 annis
164 3357 299 3442 singulis
313 3356 550 3439 tribuebantur,
567 3367 670 3422 tractu
684 3355 837 3440 temporis
860 3354 903 3419 ita
919 3376 1070 3419 excreve—

60 3454 133 3535 rint,
149 3464 188 3517 ut
210 3451 347 3517 invicem
368 3450 481 3537 juncta
517 3450 739 3516 constituerint
763 3447 833 3512 dies
858 3447 984 3530 decern,
1016 3450 1071 3535 qui

59 3568 187 3611 eausam
204 3545 375 3625 dcderunt,
392 3555 429 3609 ut
443 3546 683 3632 AEquinoctium
699 3565 837 3610 vernum
853 3543 963 3607 sedem
979 3564 1070 3608 suam

60 3641 241 3706 mutaverit.

100 3733 158 3798 Cui
177 3735 261 3797 malo
277 3755 448 3798 occurrens
465 3732 639 3822 Gregorius
653 3736 742 3816 XIII,
760 3756 824 3800 nou
842 3735 945 3798 solum
960 3735 1070 3820 AEqui·

61 3830 200 3893 noctium
217 3851 351 3894 vernum
367 3830 506 3894 restituit
522 3831 554 3894 iu
580 3832 746 3914 pristinam
761 3829 883 3912 sedem,
899 3850 991 3915 aqua
998 3827 1068 3914 jam

61 3943 77 3984 a
104 3922 246 3987 Concilio
272 3924 413 4002 Nicaeno,
430 3923 542 3989 decern
559 3925 686 3990 circiter
707 3924 822 3990 diebus
847 3925 878 3987 iu
894 3945 978 3987 anno
997 3945 1070 3988 cor·

63 4018 209 4080 rectionis
221 4017 305 4080 tata
319 4017 531 4102 precedendo
547 4033 732 4106 recesserat,
744 4020 830 4107 quod
843 4041 861 4084 a
874 4018 1015 4084 Concilio
1027 4024 1068 4087 ad

60 4110 100 4196 xij
110 4111 276 4178 Kalendas
287 4113 406 4200 Aprilis
421 4115 791 4203 lucratconstitutum,ct
803 4117 988 4182 xivLuuam
999 4140 1066 4201 pas-
1144 4173 1147 4178 .

62 4207 184 4272 chalcan
206 4233 263 4274 sno
286 4210 316 4274 in
340 4213 410 4277 loco
434 4216 593 4299 reposuit:
609 4213 666 4279 sed
678 4216 764 4281 viam
779 4237 907 4301 quoque
923 4212 1067 4301 tradidit,
