<?xml version="1.0" encoding="UTF-8"?>
<!DOCTYPE html PUBLIC "-//W3C//DTD XHTML 1.0 Transitional//EN"
    "http://www.w3.org/TR/xhtml1/DTD/xhtml1-transitional.dtd">
<html xmlns="http://www.w3.org/1999/xhtml" xml:lang="en" lang="en">
 <head>
  <title>
</title>
<meta http-equiv="Content-Type" content="text/html;charset=utf-8" />
  <meta name='ocr-system' content='tesseract 3.04.00' />
  <meta name='ocr-capabilities' content='ocr_page ocr_carea ocr_par ocr_line ocrx_word'/>
</head>
<body>
  <div class='ocr_page' id='page_1' title='image "./quaestionesinru00churgoog_0251.png"; bbox 0 0 2754 4740; ppageno 0'>
   <div class='ocr_carea' id='block_1_1' title="bbox 297 232 910 292">
    <p class='ocr_par' dir='ltr' id='par_1_1' title="bbox 297 232 910 292">
     <span class='ocr_line' id='line_1_1' title="bbox 297 232 910 292; baseline -0.008 0"><span class='ocrx_word' id='word_1_1' title='bbox 297 232 341 292; x_wconf 75' lang='lat' dir='ltr'><strong>la</strong></span> <span class='ocrx_word' id='word_1_2' title='bbox 719 241 910 292; x_wconf 69' lang='lat' dir='ltr'><strong>numerianus</strong></span> 
     </span>
    </p>
   </div>
   <div class='ocr_carea' id='block_1_2' title="bbox 298 345 1310 1374">
    <p class='ocr_par' dir='ltr' id='par_1_2' title="bbox 298 345 1307 908">
     <span class='ocr_line' id='line_1_2' title="bbox 347 345 1300 433; baseline -0.003 -16"><span class='ocrx_word' id='word_1_3' title='bbox 347 354 393 416; x_wconf 76' lang='lat'><strong>3⁰.</strong></span> <span class='ocrx_word' id='word_1_4' title='bbox 410 350 562 416; x_wconf 81' lang='lat' dir='ltr'><strong>Petiliam</strong></span> <span class='ocrx_word' id='word_1_5' title='bbox 578 345 742 411; x_wconf 87' lang='lat' dir='ltr'><strong>ordinaria</strong></span> <span class='ocrx_word' id='word_1_6' title='bbox 772 345 970 430; x_wconf 72' lang='lat' dir='ltr'><strong>impenditur</strong></span> <span class='ocrx_word' id='word_1_7' title='bbox 985 348 1162 432; x_wconf 87' lang='lat' dir='ltr'><strong>penultima</strong></span> <span class='ocrx_word' id='word_1_8' title='bbox 1173 349 1300 433; x_wconf 89' lang='lat' dir='ltr'><strong>stropha,</strong></span> 
     </span>
     <span class='ocr_line' id='line_1_3' title="bbox 298 440 1304 532; baseline -0.002 -22"><span class='ocrx_word' id='word_1_9' title='bbox 298 459 334 512; x_wconf 91' lang='lat' dir='ltr'><strong>nt</strong></span> <span class='ocrx_word' id='word_1_10' title='bbox 352 441 714 532; x_wconf 87' lang='lat' dir='ltr'><strong>inHymqudventus:</strong></span> <span class='ocrx_word' id='word_1_11' title='bbox 737 441 778 505; x_wconf 86' lang='lat' dir='ltr'><strong>Te</strong></span> <span class='ocrx_word' id='word_1_12' title='bbox 789 440 990 525; x_wconf 79' lang='lat' dir='ltr'><strong><em>deprecamur</em></strong></span> <span class='ocrx_word' id='word_1_13' title='bbox 1002 443 1304 527; x_wconf 75' lang='lat' dir='ltr'><strong>ultima-Magnum</strong></span> 
     </span>
     <span class='ocr_line' id='line_1_4' title="bbox 298 533 1306 628; baseline -0.004 -22"><span class='ocrx_word' id='word_1_14' title='bbox 298 543 361 606; x_wconf 86' lang='lat' dir='ltr'><strong>diei</strong></span> <span class='ocrx_word' id='word_1_15' title='bbox 378 539 518 628; x_wconf 80' lang='lat' dir='ltr'><strong>judicem</strong></span> <span class='ocrx_word' id='word_1_16' title='bbox 538 547 599 601; x_wconf 90' lang='lat' dir='ltr'><strong>etc.</strong></span> <span class='ocrx_word' id='word_1_17' title='bbox 619 533 802 623; x_wconf 81' lang='lat' dir='ltr'>Aliquando</span> <span class='ocrx_word' id='word_1_18' title='bbox 818 545 901 599; x_wconf 90' lang='lat' dir='ltr'><strong>totus</strong></span> <span class='ocrx_word' id='word_1_19' title='bbox 916 538 1061 623; x_wconf 85' lang='lat' dir='ltr'><strong>Hymnus</strong></span> <span class='ocrx_word' id='word_1_20' title='bbox 1077 537 1188 621; x_wconf 89' lang='lat' dir='ltr'><strong>petitio</strong></span> <span class='ocrx_word' id='word_1_21' title='bbox 1203 549 1255 614; x_wconf 88' lang='lat' dir='ltr'><strong>cst,</strong></span> <span class='ocrx_word' id='word_1_22' title='bbox 1275 549 1306 602; x_wconf 88' lang='lat' dir='ltr'><strong>ut</strong></span> 
     </span>
     <span class='ocr_line' id='line_1_5' title="bbox 298 629 1306 724; baseline -0.007 -23"><span class='ocrx_word' id='word_1_23' title='bbox 298 638 444 724; x_wconf 80' lang='lat' dir='ltr'><strong>Hymnus</strong></span> <span class='ocrx_word' id='word_1_24' title='bbox 481 630 762 718; x_wconf 81' lang='lat' dir='ltr'><strong>Quadragesimae:</strong></span> <span class='ocrx_word' id='word_1_25' title='bbox 805 630 896 694; x_wconf 83' lang='lat' dir='ltr'><strong>Audi</strong></span> <span class='ocrx_word' id='word_1_26' title='bbox 936 632 1063 716; x_wconf 75' lang='lat' dir='ltr'><strong>leuique</strong></span> <span class='ocrx_word' id='word_1_27' title='bbox 1111 629 1306 712; x_wconf 80' lang='lat' dir='ltr'><strong>Conditor,-</strong></span> 
     </span>
     <span class='ocr_line' id='line_1_6' title="bbox 301 721 1307 811; baseline -0.007 -18"><span class='ocrx_word' id='word_1_28' title='bbox 301 731 433 794; x_wconf 85' lang='lat' dir='ltr'><strong>Nastras</strong></span> <span class='ocrx_word' id='word_1_29' title='bbox 443 747 545 811; x_wconf 77' lang='lat' dir='ltr'><strong><em>preces</em></strong></span> <span class='ocrx_word' id='word_1_30' title='bbox 561 746 629 788; x_wconf 91' lang='lat' dir='ltr'><strong>cum</strong></span> <span class='ocrx_word' id='word_1_31' title='bbox 638 723 868 809; x_wconf 61' lang='lat' dir='ltr'><strong>fletibus-In</strong></span> <span class='ocrx_word' id='word_1_32' title='bbox 885 721 939 786; x_wconf 79' lang='lat' dir='ltr'><strong>icoc</strong></span> <span class='ocrx_word' id='word_1_33' title='bbox 952 729 1307 811; x_wconf 80' lang='lat' dir='ltr'><strong>sacrcjejum&#39;a-Fusac</strong></span> 
     </span>
     <span class='ocr_line' id='line_1_7' title="bbox 301 823 562 908; baseline -0.019 -21"><span class='ocrx_word' id='word_1_34' title='bbox 301 823 562 908; x_wconf 74' lang='lat' dir='ltr'><strong>quadragenario.</strong></span> 
     </span>
    </p>

    <p class='ocr_par' dir='ltr' id='par_1_3' title="bbox 300 913 1310 1374">
     <span class='ocr_line' id='line_1_8' title="bbox 344 913 1308 1000; baseline -0.007 -19"><span class='ocrx_word' id='word_1_35' title='bbox 344 917 392 983; x_wconf 68' lang='lat'><strong>4⁰.</strong></span> <span class='ocrx_word' id='word_1_36' title='bbox 416 917 568 981; x_wconf 87' lang='lat' dir='ltr'><strong>Ultimam</strong></span> <span class='ocrx_word' id='word_1_37' title='bbox 594 913 758 997; x_wconf 77' lang='lat' dir='ltr'><strong>stropham</strong></span> <span class='ocrx_word' id='word_1_38' title='bbox 785 913 909 976; x_wconf 83' lang='lat' dir='ltr'><strong>obtinet</strong></span> <span class='ocrx_word' id='word_1_39' title='bbox 931 915 1121 1000; x_wconf 84' lang='lat' dir='ltr'><strong>glorificatio</strong></span> <span class='ocrx_word' id='word_1_40' title='bbox 1146 915 1201 978; x_wconf 88' lang='lat' dir='ltr'><strong>SS.</strong></span> <span class='ocrx_word' id='word_1_41' title='bbox 1219 914 1308 976; x_wconf 88' lang='lat' dir='ltr'><strong>Trini-</strong></span> 
     </span>
     <span class='ocr_line' id='line_1_9' title="bbox 300 1006 1306 1097; baseline -0.006 -23"><span class='ocrx_word' id='word_1_42' title='bbox 300 1012 385 1093; x_wconf 87' lang='lat' dir='ltr'><strong>tatis,</strong></span> <span class='ocrx_word' id='word_1_43' title='bbox 403 1030 466 1097; x_wconf 87' lang='lat' dir='ltr'><strong>qua</strong></span> <span class='ocrx_word' id='word_1_44' title='bbox 490 1007 608 1095; x_wconf 85' lang='lat' dir='ltr'><strong>Hymni</strong></span> <span class='ocrx_word' id='word_1_45' title='bbox 631 1027 722 1092; x_wconf 84' lang='lat' dir='ltr'><strong>aeque</strong></span> <span class='ocrx_word' id='word_1_46' title='bbox 738 1028 775 1070; x_wconf 91' lang='lat' dir='ltr'><strong>ac</strong></span> <span class='ocrx_word' id='word_1_47' title='bbox 790 1007 907 1069; x_wconf 85' lang='lat' dir='ltr'><strong>Psalmi</strong></span> <span class='ocrx_word' id='word_1_48' title='bbox 925 1006 1175 1074; x_wconf 89' lang='lat' dir='ltr'><strong>concluduntur.</strong></span> <span class='ocrx_word' id='word_1_49' title='bbox 1190 1008 1306 1071; x_wconf 88' lang='lat' dir='ltr'><strong>Conclu·</strong></span> 
     </span>
     <span class='ocr_line' id='line_1_10' title="bbox 301 1095 1308 1187; baseline -0.006 -21"><span class='ocrx_word' id='word_1_50' title='bbox 301 1105 348 1166; x_wconf 89' lang='lat' dir='ltr'><strong>sio</strong></span> <span class='ocrx_word' id='word_1_51' title='bbox 363 1113 472 1168; x_wconf 89' lang='lat' dir='ltr'><strong>autem</strong></span> <span class='ocrx_word' id='word_1_52' title='bbox 490 1095 651 1187; x_wconf 89' lang='lat' dir='ltr'><strong>ejusmodi</strong></span> <span class='ocrx_word' id='word_1_53' title='bbox 676 1096 850 1185; x_wconf 90' lang='lat' dir='ltr'><strong>aliquando</strong></span> <span class='ocrx_word' id='word_1_54' title='bbox 870 1103 1000 1183; x_wconf 83' lang='lat' dir='ltr'><strong>propria</strong></span> <span class='ocrx_word' id='word_1_55' title='bbox 1016 1109 1064 1163; x_wconf 90' lang='lat' dir='ltr'><strong>est</strong></span> <span class='ocrx_word' id='word_1_56' title='bbox 1087 1111 1119 1164; x_wconf 91' lang='lat' dir='ltr'><strong>ct</strong></span> <span class='ocrx_word' id='word_1_57' title='bbox 1134 1103 1179 1166; x_wconf 90' lang='lat' dir='ltr'><strong>sie</strong></span> <span class='ocrx_word' id='word_1_58' title='bbox 1196 1101 1308 1186; x_wconf 84' lang='lat' dir='ltr'><strong>alligata</strong></span> 
     </span>
     <span class='ocr_line' id='line_1_11' title="bbox 300 1195 1309 1284; baseline -0.008 -22"><span class='ocrx_word' id='word_1_59' title='bbox 300 1199 427 1284; x_wconf 90' lang='lat' dir='ltr'><strong>Hymno</strong></span> <span class='ocrx_word' id='word_1_60' title='bbox 451 1207 488 1261; x_wconf 88' lang='lat' dir='ltr'><strong>ut</strong></span> <span class='ocrx_word' id='word_1_61' title='bbox 513 1195 555 1259; x_wconf 89' lang='lat' dir='ltr'><strong>ab</strong></span> <span class='ocrx_word' id='word_1_62' title='bbox 571 1215 609 1257; x_wconf 89' lang='lat' dir='ltr'><strong>eo</strong></span> <span class='ocrx_word' id='word_1_63' title='bbox 628 1214 805 1279; x_wconf 79' lang='lat' dir='ltr'><strong>numquam</strong></span> <span class='ocrx_word' id='word_1_64' title='bbox 832 1204 1009 1278; x_wconf 75' lang='lat' dir='ltr'><strong>separetur,</strong></span> <span class='ocrx_word' id='word_1_65' title='bbox 1034 1196 1225 1281; x_wconf 88' lang='lat' dir='ltr'><strong>plerumque</strong></span> <span class='ocrx_word' id='word_1_66' title='bbox 1247 1214 1309 1258; x_wconf 80' lang='lat' dir='ltr'><strong>vcro</strong></span> 
     </span>
     <span class='ocr_line' id='line_1_12' title="bbox 305 1290 1310 1374; baseline -0.004 -20"><span class='ocrx_word' id='word_1_67' title='bbox 305 1295 487 1357; x_wconf 85' lang='lat' dir='ltr'><strong>communis.</strong></span> <span class='ocrx_word' id='word_1_68' title='bbox 519 1292 558 1354; x_wconf 89' lang='lat' dir='ltr'><strong>Et</strong></span> <span class='ocrx_word' id='word_1_69' title='bbox 594 1290 639 1352; x_wconf 85' lang='lat' dir='ltr'><strong>sic</strong></span> <span class='ocrx_word' id='word_1_70' title='bbox 664 1311 697 1352; x_wconf 89' lang='lat' dir='ltr'><strong>v.</strong></span> <span class='ocrx_word' id='word_1_71' title='bbox 727 1311 759 1374; x_wconf 91' lang='lat' dir='ltr'><strong>g.</strong></span> <span class='ocrx_word' id='word_1_72' title='bbox 792 1298 962 1374; x_wconf 78' lang='lat' dir='ltr'><strong>sequentes</strong></span> <span class='ocrx_word' id='word_1_73' title='bbox 1000 1291 1222 1354; x_wconf 83' lang='lat' dir='ltr'><strong>conclusiones</strong></span> <span class='ocrx_word' id='word_1_74' title='bbox 1249 1298 1310 1352; x_wconf 88' lang='lat' dir='ltr'><strong>sunt</strong></span> 
     </span>
    </p>
   </div>
   <div class='ocr_carea' id='block_1_3' title="bbox 178 1384 1369 1660">
    <p class='ocr_par' dir='ltr' id='par_1_4' title="bbox 178 1384 1369 1660">
     <span class='ocr_line' id='line_1_13' title="bbox 301 1384 1369 1475; baseline -0.007 -24"><span class='ocrx_word' id='word_1_75' title='bbox 301 1390 455 1475; x_wconf 72' lang='lat' dir='ltr'><strong>propriae:</strong></span> <span class='ocrx_word' id='word_1_76' title='bbox 495 1389 536 1450; x_wconf 87' lang='lat' dir='ltr'><strong>Te</strong></span> <span class='ocrx_word' id='word_1_77' title='bbox 557 1386 628 1472; x_wconf 82' lang='lat' dir='ltr'><strong>sous</strong></span> <span class='ocrx_word' id='word_1_78' title='bbox 655 1384 767 1450; x_wconf 86' lang='lat' dir='ltr'><strong>salutis</strong></span> <span class='ocrx_word' id='word_1_79' title='bbox 796 1386 946 1468; x_wconf 79' lang='lat' dir='ltr'><strong>Trinitas,</strong></span> <span class='ocrx_word' id='word_1_80' title='bbox 963 1423 1007 1432; x_wconf 84' lang='grc'><strong>-</strong></span> <span class='ocrx_word' id='word_1_81' title='bbox 1031 1384 1195 1450; x_wconf 85' lang='lat' dir='ltr'><strong>Collaudat</strong></span> <span class='ocrx_word' id='word_1_82' title='bbox 1226 1386 1311 1449; x_wconf 87' lang='lat' dir='ltr'><strong>amuis</strong></span> <span class='ocrx_word' id='word_1_83' title='bbox 1368 1411 1369 1462; x_wconf 83' lang='lat' dir='ltr'>j</span> 
     </span>
     <span class='ocr_line' id='line_1_14' title="bbox 301 1469 1369 1566; baseline -0.007 -20"><span class='ocrx_word' id='word_1_84' title='bbox 301 1486 443 1566; x_wconf 83' lang='lat' dir='ltr'><strong>spiritus,</strong></span> <span class='ocrx_word' id='word_1_85' title='bbox 466 1518 510 1529; x_wconf 90' lang='lat'>—</span> <span class='ocrx_word' id='word_1_86' title='bbox 535 1480 655 1560; x_wconf 79' lang='lat' dir='ltr'><strong>Quibus</strong></span> <span class='ocrx_word' id='word_1_87' title='bbox 680 1478 791 1544; x_wconf 85' lang='lat' dir='ltr'><strong>Crucis</strong></span> <span class='ocrx_word' id='word_1_88' title='bbox 819 1482 979 1544; x_wconf 87' lang='lat' dir='ltr'><strong>uictoriam</strong></span> <span class='ocrx_word' id='word_1_89' title='bbox 1001 1517 1044 1528; x_wconf 92' lang='lat'><strong>-—</strong></span> <span class='ocrx_word' id='word_1_90' title='bbox 1063 1482 1215 1566; x_wconf 74' lang='lat' dir='ltr'><strong>Largiris,</strong></span> <span class='ocrx_word' id='word_1_91' title='bbox 1248 1479 1312 1542; x_wconf 78' lang='lat' dir='ltr'><strong>addc</strong></span> <span class='ocrx_word' id='word_1_92' title='bbox 1368 1469 1369 1492; x_wconf 63' lang='lat'>¹</span> 
     </span>
     <span class='ocr_line' id='line_1_15' title="bbox 178 1571 1311 1660; baseline -0.009 -18"><span class='ocrx_word' id='word_1_93' title='bbox 178 1637 181 1642; x_wconf 87' lang='lat'><em>.</em></span> <span class='ocrx_word' id='word_1_94' title='bbox 298 1577 642 1660; x_wconf 82' lang='lat' dir='ltr'><strong>pramiurn.(Hymnus</strong></span> <span class='ocrx_word' id='word_1_95' title='bbox 657 1574 691 1638; x_wconf 91' lang='lat' dir='ltr'><strong>iu</strong></span> <span class='ocrx_word' id='word_1_96' title='bbox 705 1575 798 1639; x_wconf 85' lang='lat' dir='ltr'><strong>Festo</strong></span> <span class='ocrx_word' id='word_1_97' title='bbox 811 1574 1003 1639; x_wconf 83' lang='lat' dir='ltr'><strong>inventionis</strong></span> <span class='ocrx_word' id='word_1_98' title='bbox 1019 1574 1210 1656; x_wconf 82' lang='lat' dir='ltr'><strong>S.Crucis‚5</strong></span> <span class='ocrx_word' id='word_1_99' title='bbox 1222 1571 1311 1658; x_wconf 83' lang='lat' dir='ltr'><strong>Maji).</strong></span> 
     </span>
    </p>
   </div>
   <div class='ocr_carea' id='block_1_4' title="bbox 303 1667 1315 2506">
    <p class='ocr_par' dir='ltr' id='par_1_5' title="bbox 303 1667 1315 2222">
     <span class='ocr_line' id='line_1_16' title="bbox 304 1667 1313 1755; baseline -0.007 -21"><span class='ocrx_word' id='word_1_100' title='bbox 304 1675 384 1737; x_wconf 90' lang='lat' dir='ltr'><strong>ltem</strong></span> <span class='ocrx_word' id='word_1_101' title='bbox 401 1673 433 1736; x_wconf 92' lang='lat' dir='ltr'><strong>in</strong></span> <span class='ocrx_word' id='word_1_102' title='bbox 449 1673 543 1735; x_wconf 85' lang='lat' dir='ltr'><strong>Festa</strong></span> <span class='ocrx_word' id='word_1_103' title='bbox 560 1671 594 1735; x_wconf 92' lang='lat' dir='ltr'><strong>S.</strong></span> <span class='ocrx_word' id='word_1_104' title='bbox 614 1671 721 1734; x_wconf 73' lang='lat' dir='ltr'><strong>Maria</strong></span> <span class='ocrx_word' id='word_1_105' title='bbox 743 1667 952 1755; x_wconf 83' lang='lat' dir='ltr'><strong>Magdalenae‚</strong></span> <span class='ocrx_word' id='word_1_106' title='bbox 982 1669 1145 1733; x_wconf 61' lang='lat' dir='ltr'><strong>mulii:</strong></span> <span class='ocrx_word' id='word_1_107' title='bbox 1175 1671 1238 1733; x_wconf 84' lang='lat' dir='ltr'><strong>Uni</strong></span> <span class='ocrx_word' id='word_1_108' title='bbox 1261 1669 1313 1730; x_wconf 80' lang='lat' dir='ltr'><strong>ltro</strong></span> 
     </span>
     <span class='ocr_line' id='line_1_17' title="bbox 303 1763 1315 1852; baseline -0.01 -22"><span class='ocrx_word' id='word_1_109' title='bbox 303 1771 344 1830; x_wconf 87' lang='lat' dir='ltr'><strong>sit</strong></span> <span class='ocrx_word' id='word_1_110' title='bbox 373 1765 608 1852; x_wconf 73' lang='lat' dir='ltr'><strong>gloria-Pro</strong></span> <span class='ocrx_word' id='word_1_111' title='bbox 639 1763 828 1848; x_wconf 72' lang='lat' dir='ltr'><strong>multiformi</strong></span> <span class='ocrx_word' id='word_1_112' title='bbox 867 1764 1244 1847; x_wconf 77' lang='lat' dir='ltr'><strong>gratia,-Peccautiurn</strong></span> <span class='ocrx_word' id='word_1_113' title='bbox 1272 1766 1315 1845; x_wconf 83' lang='lat' dir='ltr'><strong>qui</strong></span> 
     </span>
     <span class='ocr_line' id='line_1_18' title="bbox 304 1853 1313 1944; baseline -0.01 -19"><span class='ocrx_word' id='word_1_114' title='bbox 304 1864 437 1926; x_wconf 81' lang='lat' dir='ltr'><strong>crimina</strong></span> <span class='ocrx_word' id='word_1_115' title='bbox 448 1899 490 1910; x_wconf 93' lang='lat'><em>-</em></span> <span class='ocrx_word' id='word_1_116' title='bbox 507 1862 646 1934; x_wconf 75' lang='lat' dir='ltr'><strong>Remittat</strong></span> <span class='ocrx_word' id='word_1_117' title='bbox 662 1870 691 1922; x_wconf 89' lang='lat' dir='ltr'><strong>et</strong></span> <span class='ocrx_word' id='word_1_118' title='bbox 706 1859 759 1921; x_wconf 83' lang='lat' dir='ltr'><strong>clat</strong></span> <span class='ocrx_word' id='word_1_119' title='bbox 774 1860 916 1941; x_wconf 78' lang='lat' dir='ltr'><strong>praraiu.</strong></span> <span class='ocrx_word' id='word_1_120' title='bbox 945 1857 1113 1921; x_wconf 85' lang='lat' dir='ltr'><strong>Conclusio</strong></span> <span class='ocrx_word' id='word_1_121' title='bbox 1143 1859 1260 1944; x_wconf 89' lang='lat' dir='ltr'><strong>Hymni</strong></span> <span class='ocrx_word' id='word_1_122' title='bbox 1281 1853 1313 1916; x_wconf 86' lang='lat' dir='ltr'><strong>dc</strong></span> 
     </span>
     <span class='ocr_line' id='line_1_19' title="bbox 304 1951 1314 2038; baseline -0.009 -18"><span class='ocrx_word' id='word_1_123' title='bbox 304 1955 474 2020; x_wconf 89' lang='lat' dir='ltr'><strong>Communi</strong></span> <span class='ocrx_word' id='word_1_124' title='bbox 490 1955 664 2038; x_wconf 80' lang='lat' dir='ltr'><strong>Martyrum</strong></span> <span class='ocrx_word' id='word_1_125' title='bbox 682 1952 778 2015; x_wconf 90' lang='lat' dir='ltr'><strong>etiam</strong></span> <span class='ocrx_word' id='word_1_126' title='bbox 791 1960 838 2015; x_wconf 89' lang='lat' dir='ltr'><strong>cst</strong></span> <span class='ocrx_word' id='word_1_127' title='bbox 850 1951 1000 2035; x_wconf 81' lang='lat' dir='ltr'><strong>propria:</strong></span> <span class='ocrx_word' id='word_1_128' title='bbox 1024 1952 1065 2013; x_wconf 89' lang='lat' dir='ltr'><strong>Te</strong></span> <span class='ocrx_word' id='word_1_129' title='bbox 1089 1973 1172 2014; x_wconf 79' lang='lat' dir='ltr'><strong>aurae</strong></span> <span class='ocrx_word' id='word_1_130' title='bbox 1203 1951 1314 2014; x_wconf 74' lang='lat' dir='ltr'><strong>Redeat·</strong></span> 
     </span>
     <span class='ocr_line' id='line_1_20' title="bbox 304 2044 1314 2131; baseline -0.007 -20"><span class='ocrx_word' id='word_1_131' title='bbox 304 2061 375 2131; x_wconf 86' lang='lat' dir='ltr'><strong>ptar</strong></span> <span class='ocrx_word' id='word_1_132' title='bbox 391 2065 568 2131; x_wconf 76' lang='lat' dir='ltr'><strong>quesumus</strong></span> <span class='ocrx_word' id='word_1_133' title='bbox 583 2082 625 2091; x_wconf 93' lang='lat'>—</span> <span class='ocrx_word' id='word_1_134' title='bbox 640 2044 679 2106; x_wconf 85' lang='lat' dir='ltr'><strong>Ut</strong></span> <span class='ocrx_word' id='word_1_135' title='bbox 706 2046 879 2128; x_wconf 79' lang='lat' dir='ltr'><strong>Martyrum</strong></span> <span class='ocrx_word' id='word_1_136' title='bbox 904 2045 1236 2128; x_wconf 72' lang='lat' dir='ltr'><strong>consortio—Jamque</strong></span> <span class='ocrx_word' id='word_1_137' title='bbox 1257 2064 1314 2124; x_wconf 87' lang='lat' dir='ltr'><strong>pre·</strong></span> 
     </span>
     <span class='ocr_line' id='line_1_21' title="bbox 305 2137 989 2222; baseline -0.006 -18"><span class='ocrx_word' id='word_1_138' title='bbox 305 2153 406 2206; x_wconf 87' lang='lat' dir='ltr'><strong>cantes</strong></span> <span class='ocrx_word' id='word_1_139' title='bbox 420 2139 646 2204; x_wconf 84' lang='lat' dir='ltr'><strong>servulos—In</strong></span> <span class='ocrx_word' id='word_1_140' title='bbox 663 2141 850 2222; x_wconf 85' lang='lat' dir='ltr'><strong>sempiterna</strong></span> <span class='ocrx_word' id='word_1_141' title='bbox 864 2137 989 2202; x_wconf 81' lang='lat' dir='ltr'><strong>sarcula.</strong></span> 
     </span>
    </p>

    <p class='ocr_par' dir='ltr' id='par_1_6' title="bbox 306 2230 1315 2506">
     <span class='ocr_line' id='line_1_22' title="bbox 349 2230 1313 2316; baseline -0.009 -16"><span class='ocrx_word' id='word_1_142' title='bbox 349 2235 467 2316; x_wconf 83' lang='lat' dir='ltr'><strong>Quaest.</strong></span> <span class='ocrx_word' id='word_1_143' title='bbox 486 2234 540 2297; x_wconf 84' lang='lat'><strong>67.</strong></span> <span class='ocrx_word' id='word_1_144' title='bbox 558 2235 597 2294; x_wconf 83' lang='lat' dir='ltr'><strong>m</strong></span> <span class='ocrx_word' id='word_1_145' title='bbox 623 2235 721 2296; x_wconf 81' lang='lat' dir='ltr'><strong>Fastis</strong></span> <span class='ocrx_word' id='word_1_146' title='bbox 744 2244 772 2296; x_wconf 89' lang='lat' dir='ltr'><strong>et</strong></span> <span class='ocrx_word' id='word_1_147' title='bbox 805 2231 929 2297; x_wconf 84' lang='lat' dir='ltr'><strong>Oetacis</strong></span> <span class='ocrx_word' id='word_1_148' title='bbox 950 2230 1070 2296; x_wconf 71' lang='lat' dir='ltr'><strong>Christi</strong></span> <span class='ocrx_word' id='word_1_149' title='bbox 1094 2235 1221 2298; x_wconf 85' lang='lat' dir='ltr'><strong>Domini</strong></span> <span class='ocrx_word' id='word_1_150' title='bbox 1243 2243 1268 2294; x_wconf 91' lang='lat' dir='ltr'><strong>et</strong></span> <span class='ocrx_word' id='word_1_151' title='bbox 1280 2234 1313 2292; x_wconf 89' lang='lat' dir='ltr'><strong>B.</strong></span> 
     </span>
     <span class='ocr_line' id='line_1_23' title="bbox 306 2327 1315 2414; baseline -0.008 -21"><span class='ocrx_word' id='word_1_152' title='bbox 306 2333 350 2393; x_wconf 90' lang='lat' dir='ltr'><strong>M.</strong></span> <span class='ocrx_word' id='word_1_153' title='bbox 366 2329 408 2393; x_wconf 89' lang='lat' dir='ltr'><strong>V.</strong></span> <span class='ocrx_word' id='word_1_154' title='bbox 428 2341 547 2414; x_wconf 86' lang='lat' dir='ltr'><strong>totaque</strong></span> <span class='ocrx_word' id='word_1_155' title='bbox 565 2337 697 2410; x_wconf 87' lang='lat' dir='ltr'><strong>tempore</strong></span> <span class='ocrx_word' id='word_1_156' title='bbox 709 2327 863 2411; x_wconf 80' lang='lat' dir='ltr'><strong>paschali,</strong></span> <span class='ocrx_word' id='word_1_157' title='bbox 892 2327 1100 2392; x_wconf 80' lang='lat' dir='ltr'><strong>conclusiones</strong></span> <span class='ocrx_word' id='word_1_158' title='bbox 1129 2328 1315 2412; x_wconf 81' lang='lat' dir='ltr'><strong>Hymnorum</strong></span> 
     </span>
     <span class='ocr_line' id='line_1_24' title="bbox 306 2418 1315 2506; baseline -0.002 -20"><span class='ocrx_word' id='word_1_159' title='bbox 306 2424 548 2487; x_wconf 83' lang='lat' dir='ltr'><strong>mutoadoesuut</strong></span> <span class='ocrx_word' id='word_1_160' title='bbox 562 2420 668 2506; x_wconf 86' lang='lat' dir='ltr'><strong>(prout</strong></span> <span class='ocrx_word' id='word_1_161' title='bbox 690 2421 773 2485; x_wconf 86' lang='lat' dir='ltr'><strong>docet</strong></span> <span class='ocrx_word' id='word_1_162' title='bbox 797 2423 931 2484; x_wconf 81' lang='lat' dir='ltr'><strong>Robrica</strong></span> <span class='ocrx_word' id='word_1_163' title='bbox 958 2422 1021 2486; x_wconf 80' lang='lat' dir='ltr'><strong>Tit.</strong></span> <span class='ocrx_word' id='word_1_164' title='bbox 1040 2423 1103 2504; x_wconf 84' lang='lat' dir='ltr'><strong>XX,</strong></span> <span class='ocrx_word' id='word_1_165' title='bbox 1118 2443 1150 2484; x_wconf 87' lang='lat' dir='ltr'><strong>u.</strong></span> <span class='ocrx_word' id='word_1_166' title='bbox 1169 2433 1186 2482; x_wconf 83' lang='lat'><strong><em>4</em></strong></span> <span class='ocrx_word' id='word_1_167' title='bbox 1204 2418 1315 2505; x_wconf 86' lang='lat' dir='ltr'><strong>etseq.)</strong></span> 
     </span>
    </p>
   </div>
   <div class='ocr_carea' id='block_1_5' title="bbox 308 2513 1368 2695">
    <p class='ocr_par' dir='ltr' id='par_1_7' title="bbox 308 2513 1368 2695">
     <span class='ocr_line' id='line_1_25' title="bbox 308 2513 1368 2600; baseline -0.007 -21"><span class='ocrx_word' id='word_1_168' title='bbox 308 2540 337 2580; x_wconf 90' lang='lat' dir='ltr'><strong>v.</strong></span> <span class='ocrx_word' id='word_1_169' title='bbox 363 2538 396 2600; x_wconf 80' lang='lat'><strong>9.</strong></span> <span class='ocrx_word' id='word_1_170' title='bbox 414 2518 448 2578; x_wconf 83' lang='lat' dir='ltr'><strong>iu</strong></span> <span class='ocrx_word' id='word_1_171' title='bbox 465 2517 563 2579; x_wconf 83' lang='lat' dir='ltr'><strong>Fastis</strong></span> <span class='ocrx_word' id='word_1_172' title='bbox 586 2515 625 2576; x_wconf 91' lang='lat' dir='ltr'><strong>B.</strong></span> <span class='ocrx_word' id='word_1_173' title='bbox 643 2516 688 2576; x_wconf 92' lang='lat' dir='ltr'><strong>M.</strong></span> <span class='ocrx_word' id='word_1_174' title='bbox 708 2514 750 2577; x_wconf 87' lang='lat' dir='ltr'><strong>V.</strong></span> <span class='ocrx_word' id='word_1_175' title='bbox 768 2514 920 2578; x_wconf 84' lang='lat' dir='ltr'><strong>conclusio</strong></span> <span class='ocrx_word' id='word_1_176' title='bbox 944 2514 1130 2599; x_wconf 73' lang='lat' dir='ltr'><strong>regulariter</strong></span> <span class='ocrx_word' id='word_1_177' title='bbox 1152 2523 1212 2576; x_wconf 87' lang='lat' dir='ltr'><strong>cst:</strong></span> <span class='ocrx_word' id='word_1_178' title='bbox 1237 2513 1314 2590; x_wconf 85' lang='lat' dir='ltr'><strong>Jesu,</strong></span> <span class='ocrx_word' id='word_1_179' title='bbox 1367 2553 1368 2586; x_wconf 22' lang='lat' dir='ltr'><strong>y</strong></span> 
     </span>
     <span class='ocr_line' id='line_1_26' title="bbox 308 2605 1317 2695; baseline -0.007 -22"><span class='ocrx_word' id='word_1_180' title='bbox 308 2608 368 2673; x_wconf 90' lang='lat' dir='ltr'><strong>tibi</strong></span> <span class='ocrx_word' id='word_1_181' title='bbox 381 2609 422 2672; x_wconf 88' lang='lat' dir='ltr'><strong>sit</strong></span> <span class='ocrx_word' id='word_1_182' title='bbox 436 2607 550 2694; x_wconf 80' lang='lat' dir='ltr'><strong>gloria,</strong></span> <span class='ocrx_word' id='word_1_183' title='bbox 561 2643 603 2655; x_wconf 85' lang='lat'>-</span> <span class='ocrx_word' id='word_1_184' title='bbox 616 2606 678 2687; x_wconf 86' lang='lat' dir='ltr'><strong>Qui</strong></span> <span class='ocrx_word' id='word_1_185' title='bbox 696 2617 788 2671; x_wconf 86' lang='lat' dir='ltr'><strong>uatus</strong></span> <span class='ocrx_word' id='word_1_186' title='bbox 805 2629 838 2671; x_wconf 88' lang='lat' dir='ltr'><strong>cs</strong></span> <span class='ocrx_word' id='word_1_187' title='bbox 852 2605 892 2670; x_wconf 90' lang='lat' dir='ltr'><strong>de</strong></span> <span class='ocrx_word' id='word_1_188' title='bbox 908 2607 1042 2695; x_wconf 86' lang='lat' dir='ltr'><strong>Virgine</strong></span> <span class='ocrx_word' id='word_1_189' title='bbox 1059 2620 1113 2672; x_wconf 88' lang='lat' dir='ltr'><strong>etc.</strong></span> <span class='ocrx_word' id='word_1_190' title='bbox 1132 2608 1209 2685; x_wconf 82' lang='lat' dir='ltr'><strong>Qua</strong></span> <span class='ocrx_word' id='word_1_191' title='bbox 1221 2617 1317 2669; x_wconf 83' lang='lat' dir='ltr'><strong>rotatu</strong></span> 
     </span>
    </p>
   </div>
   <div class='ocr_carea' id='block_1_6' title="bbox 220 2700 1318 3639">
    <p class='ocr_par' dir='ltr' id='par_1_8' title="bbox 310 2700 1086 2788">
     <span class='ocr_line' id='line_1_27' title="bbox 310 2700 1086 2788; baseline 0 -22"><span class='ocrx_word' id='word_1_192' title='bbox 310 2703 491 2788; x_wconf 75' lang='lat' dir='ltr'><strong>dignarum</strong></span> <span class='ocrx_word' id='word_1_193' title='bbox 505 2703 608 2787; x_wconf 81' lang='lat' dir='ltr'><strong>qrroaa</strong></span> <span class='ocrx_word' id='word_1_194' title='bbox 621 2702 676 2764; x_wconf 80' lang='lat' dir='ltr'><strong>aas</strong></span> <span class='ocrx_word' id='word_1_195' title='bbox 695 2704 879 2766; x_wconf 83' lang='lat' dir='ltr'><strong>mutationes</strong></span> <span class='ocrx_word' id='word_1_196' title='bbox 895 2700 1055 2786; x_wconf 78' lang='lat' dir='ltr'><strong>faciendas</strong></span> <span class='ocrx_word' id='word_1_197' title='bbox 1066 2700 1086 2761; x_wconf 71' lang='grc' dir='ltr'><strong><em>Ρ</em></strong></span> 
     </span>
    </p>

    <p class='ocr_par' dir='ltr' id='par_1_9' title="bbox 220 2795 1317 3164">
     <span class='ocr_line' id='line_1_28' title="bbox 354 2795 1316 2882; baseline -0.008 -21"><span class='ocrx_word' id='word_1_198' title='bbox 354 2798 396 2861; x_wconf 88' lang='lat' dir='ltr'><strong>R.</strong></span> <span class='ocrx_word' id='word_1_199' title='bbox 413 2797 578 2882; x_wconf 77' lang='lat' dir='ltr'><strong>Praecipue</strong></span> <span class='ocrx_word' id='word_1_200' title='bbox 597 2797 779 2882; x_wconf 86' lang='lat' dir='ltr'><strong>sequentia:</strong></span> <span class='ocrx_word' id='word_1_201' title='bbox 796 2798 839 2859; x_wconf 86' lang='lat' dir='ltr'><strong>l⁰.</strong></span> <span class='ocrx_word' id='word_1_202' title='bbox 859 2797 992 2859; x_wconf 87' lang='lat' dir='ltr'><strong>Mutatio</strong></span> <span class='ocrx_word' id='word_1_203' title='bbox 1009 2797 1064 2861; x_wconf 84' lang='lat' dir='ltr'><strong>illa</strong></span> <span class='ocrx_word' id='word_1_204' title='bbox 1078 2799 1113 2861; x_wconf 88' lang='lat' dir='ltr'><strong>fit</strong></span> <span class='ocrx_word' id='word_1_205' title='bbox 1128 2800 1161 2862; x_wconf 92' lang='lat' dir='ltr'><strong>in</strong></span> <span class='ocrx_word' id='word_1_206' title='bbox 1181 2795 1316 2863; x_wconf 85' lang='lat' dir='ltr'><strong>omuibus</strong></span> 
     </span>
     <span class='ocr_line' id='line_1_29' title="bbox 220 2885 1316 2976; baseline -0.006 -20"><span class='ocrx_word' id='word_1_207' title='bbox 220 2885 224 2892; x_wconf 71' lang='grc'>’</span> <span class='ocrx_word' id='word_1_208' title='bbox 311 2894 473 2956; x_wconf 90' lang='lat' dir='ltr'><strong>Horarum</strong></span> <span class='ocrx_word' id='word_1_209' title='bbox 488 2891 634 2976; x_wconf 88' lang='lat' dir='ltr'><strong>Hymnis,</strong></span> <span class='ocrx_word' id='word_1_210' title='bbox 655 2888 752 2954; x_wconf 90' lang='lat' dir='ltr'><strong>modo</strong></span> <span class='ocrx_word' id='word_1_211' title='bbox 776 2891 922 2976; x_wconf 88' lang='lat' dir='ltr'><strong>Hymnus</strong></span> <span class='ocrx_word' id='word_1_212' title='bbox 942 2912 1005 2954; x_wconf 91' lang='lat' dir='ltr'><strong>non</strong></span> <span class='ocrx_word' id='word_1_213' title='bbox 1022 2892 1140 2956; x_wconf 87' lang='lat' dir='ltr'><strong>habeat</strong></span> <span class='ocrx_word' id='word_1_214' title='bbox 1156 2889 1316 2956; x_wconf 90' lang='lat' dir='ltr'><strong>conclusio·</strong></span> 
     </span>
     <span class='ocr_line' id='line_1_30' title="bbox 314 2983 1317 3069; baseline -0.006 -21"><span class='ocrx_word' id='word_1_215' title='bbox 314 3006 389 3048; x_wconf 88' lang='lat' dir='ltr'><strong>nem</strong></span> <span class='ocrx_word' id='word_1_216' title='bbox 412 2986 588 3067; x_wconf 84' lang='lat' dir='ltr'><strong>propriam,</strong></span> <span class='ocrx_word' id='word_1_217' title='bbox 623 2996 653 3048; x_wconf 91' lang='lat' dir='ltr'><strong>ct</strong></span> <span class='ocrx_word' id='word_1_218' title='bbox 680 3006 791 3049; x_wconf 87' lang='lat' dir='ltr'><strong>versus</strong></span> <span class='ocrx_word' id='word_1_219' title='bbox 811 2986 880 3049; x_wconf 89' lang='lat' dir='ltr'><strong>sint</strong></span> <span class='ocrx_word' id='word_1_220' title='bbox 905 2983 1050 3069; x_wconf 88' lang='lat' dir='ltr'><strong>ejusdcm</strong></span> <span class='ocrx_word' id='word_1_221' title='bbox 1071 2988 1185 3068; x_wconf 87' lang='lat' dir='ltr'><strong>metri,</strong></span> <span class='ocrx_word' id='word_1_222' title='bbox 1210 2985 1317 3050; x_wconf 85' lang='lat' dir='ltr'><strong>scilicet</strong></span> 
     </span>
     <span class='ocr_line' id='line_1_31' title="bbox 308 3075 609 3164; baseline -0.007 -21"><span class='ocrx_word' id='word_1_223' title='bbox 308 3077 445 3164; x_wconf 84' lang='lat' dir='ltr'><strong>jambici</strong></span> <span class='ocrx_word' id='word_1_224' title='bbox 467 3075 609 3141; x_wconf 88' lang='lat' dir='ltr'><strong>dimetri.</strong></span> 
     </span>
    </p>

    <p class='ocr_par' dir='ltr' id='par_1_10' title="bbox 311 3162 1316 3525">
     <span class='ocr_line' id='line_1_32' title="bbox 359 3162 1316 3241; baseline -0.008 -6"><span class='ocrx_word' id='word_1_225' title='bbox 359 3162 404 3237; x_wconf 61' lang='grc' dir='ltr'><strong>ΞΟ.</strong></span> <span class='ocrx_word' id='word_1_226' title='bbox 422 3173 554 3237; x_wconf 87' lang='lat' dir='ltr'><strong>Mutatio</strong></span> <span class='ocrx_word' id='word_1_227' title='bbox 570 3175 623 3237; x_wconf 85' lang='lat' dir='ltr'><strong>illa</strong></span> <span class='ocrx_word' id='word_1_228' title='bbox 641 3176 735 3237; x_wconf 86' lang='lat' dir='ltr'><strong>ctiam</strong></span> <span class='ocrx_word' id='word_1_229' title='bbox 752 3177 858 3240; x_wconf 89' lang='lat' dir='ltr'><strong>locam</strong></span> <span class='ocrx_word' id='word_1_230' title='bbox 886 3176 983 3240; x_wconf 88' lang='lat' dir='ltr'><strong>habet</strong></span> <span class='ocrx_word' id='word_1_231' title='bbox 1011 3179 1042 3240; x_wconf 91' lang='lat' dir='ltr'><strong>in</strong></span> <span class='ocrx_word' id='word_1_232' title='bbox 1059 3176 1208 3241; x_wconf 91' lang='lat' dir='ltr'><strong>omnibus</strong></span> <span class='ocrx_word' id='word_1_233' title='bbox 1229 3169 1316 3235; x_wconf 78' lang='lat' dir='ltr'><strong>Fastis</strong></span> 
     </span>
     <span class='ocr_line' id='line_1_33' title="bbox 311 3268 1315 3356; baseline -0.009 -24"><span class='ocrx_word' id='word_1_234' title='bbox 311 3290 385 3354; x_wconf 85' lang='lat' dir='ltr'><strong>quae</strong></span> <span class='ocrx_word' id='word_1_235' title='bbox 404 3279 577 3332; x_wconf 89' lang='lat' dir='ltr'><strong>occurrunt</strong></span> <span class='ocrx_word' id='word_1_236' title='bbox 592 3269 673 3336; x_wconf 83' lang='lat' dir='ltr'><strong>inira</strong></span> <span class='ocrx_word' id='word_1_237' title='bbox 694 3269 848 3334; x_wconf 83' lang='lat' dir='ltr'><strong>Octavam</strong></span> <span class='ocrx_word' id='word_1_238' title='bbox 879 3273 931 3335; x_wconf 91' lang='lat' dir='ltr'><strong>vel</strong></span> <span class='ocrx_word' id='word_1_239' title='bbox 954 3273 1092 3356; x_wconf 83' lang='lat' dir='ltr'><strong>Tempus</strong></span> <span class='ocrx_word' id='word_1_240' title='bbox 1120 3268 1315 3333; x_wconf 80' lang='lat' dir='ltr'><strong>mutationem</strong></span> 
     </span>
     <span class='ocr_line' id='line_1_34' title="bbox 313 3354 1316 3450; baseline -0.005 -22"><span class='ocrx_word' id='word_1_241' title='bbox 313 3362 526 3428; x_wconf 89' lang='lat' dir='ltr'><strong>conclusionis</strong></span> <span class='ocrx_word' id='word_1_242' title='bbox 543 3363 716 3450; x_wconf 82' lang='lat' dir='ltr'><strong>exigentia,</strong></span> <span class='ocrx_word' id='word_1_243' title='bbox 730 3364 804 3428; x_wconf 90' lang='lat' dir='ltr'><strong>licet</strong></span> <span class='ocrx_word' id='word_1_244' title='bbox 826 3365 922 3450; x_wconf 89' lang='lat' dir='ltr'><strong>hujus</strong></span> <span class='ocrx_word' id='word_1_245' title='bbox 941 3366 1069 3430; x_wconf 83' lang='lat' dir='ltr'><strong>Oetavae</strong></span> <span class='ocrx_word' id='word_1_246' title='bbox 1087 3365 1139 3428; x_wconf 82' lang='lat' dir='ltr'><strong>vel</strong></span> <span class='ocrx_word' id='word_1_247' title='bbox 1167 3354 1316 3442; x_wconf 77' lang='lat' dir='ltr'><strong>Temporis</strong></span> 
     </span>
     <span class='ocr_line' id='line_1_35' title="bbox 314 3458 1151 3525; baseline -0.002 -1"><span class='ocrx_word' id='word_1_248' title='bbox 314 3481 379 3524; x_wconf 89' lang='lat' dir='ltr'><strong>uon</strong></span> <span class='ocrx_word' id='word_1_249' title='bbox 405 3461 458 3520; x_wconf 82' lang='lat' dir='ltr'><strong>lin</strong></span> <span class='ocrx_word' id='word_1_250' title='bbox 480 3458 511 3521; x_wconf 91' lang='lat' dir='ltr'><strong>in</strong></span> <span class='ocrx_word' id='word_1_251' title='bbox 538 3460 631 3522; x_wconf 85' lang='lat' dir='ltr'><strong>Festo</strong></span> <span class='ocrx_word' id='word_1_252' title='bbox 661 3461 842 3523; x_wconf 87' lang='lat' dir='ltr'><strong>occurrenti</strong></span> <span class='ocrx_word' id='word_1_253' title='bbox 869 3459 1151 3525; x_wconf 74' lang='lat' dir='ltr'><strong>commemoratio.</strong></span> 
     </span>
    </p>

    <p class='ocr_par' dir='ltr' id='par_1_11' title="bbox 358 3545 1318 3639">
     <span class='ocr_line' id='line_1_36' title="bbox 358 3545 1318 3639; baseline -0.003 -25"><span class='ocrx_word' id='word_1_254' title='bbox 358 3589 402 3616; x_wconf 73' lang='lat'><strong>‚.</strong></span> <span class='ocrx_word' id='word_1_255' title='bbox 424 3558 457 3616; x_wconf 92' lang='lat' dir='ltr'><strong>ln</strong></span> <span class='ocrx_word' id='word_1_256' title='bbox 487 3553 715 3617; x_wconf 71' lang='lat' dir='ltr'><strong>concurrentia</strong></span> <span class='ocrx_word' id='word_1_257' title='bbox 741 3554 878 3618; x_wconf 92' lang='lat' dir='ltr'><strong>duorum</strong></span> <span class='ocrx_word' id='word_1_258' title='bbox 894 3555 1103 3636; x_wconf 72' lang='lat' dir='ltr'><strong>officiarum,</strong></span> <span class='ocrx_word' id='word_1_259' title='bbox 1129 3570 1262 3639; x_wconf 89' lang='lat' dir='ltr'><strong>quorum</strong></span> <span class='ocrx_word' id='word_1_260' title='bbox 1282 3545 1318 3605; x_wconf 83' lang='lat' dir='ltr'><strong>al·</strong></span> 
     </span>
    </p>
   </div>
   <div class='ocr_carea' id='block_1_7' title="bbox 317 3641 1367 3829">
    <p class='ocr_par' dir='ltr' id='par_1_12' title="bbox 317 3641 1367 3829">
     <span class='ocr_line' id='line_1_37' title="bbox 317 3641 1367 3734; baseline -0.001 -25"><span class='ocrx_word' id='word_1_261' title='bbox 317 3657 474 3710; x_wconf 88' lang='lat' dir='ltr'><strong>teratrum</strong></span> <span class='ocrx_word' id='word_1_262' title='bbox 502 3649 601 3732; x_wconf 83' lang='lat' dir='ltr'><strong>exigit</strong></span> <span class='ocrx_word' id='word_1_263' title='bbox 622 3648 831 3712; x_wconf 88' lang='lat' dir='ltr'><strong>mutationem</strong></span> <span class='ocrx_word' id='word_1_264' title='bbox 854 3651 1078 3730; x_wconf 88' lang='lat' dir='ltr'><strong>conclusionis,</strong></span> <span class='ocrx_word' id='word_1_265' title='bbox 1095 3671 1128 3714; x_wconf 83' lang='lat' dir='ltr'><strong>v.</strong></span> <span class='ocrx_word' id='word_1_266' title='bbox 1150 3671 1183 3734; x_wconf 91' lang='lat' dir='ltr'><strong>g.</strong></span> <span class='ocrx_word' id='word_1_267' title='bbox 1201 3647 1231 3708; x_wconf 92' lang='lat' dir='ltr'><strong>in</strong></span> <span class='ocrx_word' id='word_1_268' title='bbox 1246 3641 1317 3705; x_wconf 87' lang='lat' dir='ltr'><strong>Con·</strong></span> <span class='ocrx_word' id='word_1_269' title='bbox 1366 3703 1367 3708; x_wconf 73' lang='grc'>,</span> 
     </span>
     <span class='ocr_line' id='line_1_38' title="bbox 317 3738 1367 3829; baseline -0.007 -27"><span class='ocrx_word' id='word_1_270' title='bbox 317 3742 478 3804; x_wconf 84' lang='lat' dir='ltr'><strong>currentia</strong></span> <span class='ocrx_word' id='word_1_271' title='bbox 505 3743 589 3804; x_wconf 83' lang='lat' dir='ltr'><strong>Festi</strong></span> <span class='ocrx_word' id='word_1_272' title='bbox 623 3743 757 3829; x_wconf 88' lang='lat' dir='ltr'><strong>alicujus</strong></span> <span class='ocrx_word' id='word_1_273' title='bbox 791 3744 899 3808; x_wconf 87' lang='lat' dir='ltr'><strong>Sancti</strong></span> <span class='ocrx_word' id='word_1_274' title='bbox 925 3755 957 3808; x_wconf 90' lang='lat' dir='ltr'><strong>et</strong></span> <span class='ocrx_word' id='word_1_275' title='bbox 986 3744 1089 3808; x_wconf 90' lang='lat' dir='ltr'><strong>Officii</strong></span> <span class='ocrx_word' id='word_1_276' title='bbox 1117 3738 1317 3805; x_wconf 82' lang='lat' dir='ltr'><strong>Immaculata</strong></span> <span class='ocrx_word' id='word_1_277' title='bbox 1366 3753 1367 3774; x_wconf 49' lang='lat' dir='ltr'><strong>t</strong></span> 
     </span>
    </p>
   </div>
   <div class='ocr_carea' id='block_1_8' title="bbox 237 3827 1317 4207">
    <p class='ocr_par' dir='ltr' id='par_1_13' title="bbox 237 3827 1317 4207">
     <span class='ocr_line' id='line_1_39' title="bbox 319 3827 1316 3922; baseline 0.003 -28"><span class='ocrx_word' id='word_1_278' title='bbox 319 3831 542 3917; x_wconf 90' lang='lat' dir='ltr'><strong>Conceptiouis</strong></span> <span class='ocrx_word' id='word_1_279' title='bbox 556 3837 595 3898; x_wconf 89' lang='lat' dir='ltr'><strong>B.</strong></span> <span class='ocrx_word' id='word_1_280' title='bbox 610 3836 653 3898; x_wconf 93' lang='lat' dir='ltr'><strong>M.</strong></span> <span class='ocrx_word' id='word_1_281' title='bbox 663 3837 704 3901; x_wconf 90' lang='lat' dir='ltr'><strong>V.</strong></span> <span class='ocrx_word' id='word_1_282' title='bbox 719 3838 752 3899; x_wconf 93' lang='lat' dir='ltr'><strong>in</strong></span> <span class='ocrx_word' id='word_1_283' title='bbox 765 3837 912 3902; x_wconf 86' lang='lat' dir='ltr'><strong>Sabbatis</strong></span> <span class='ocrx_word' id='word_1_284' title='bbox 925 3863 933 3922; x_wconf 80' lang='lat'>3</span> <span class='ocrx_word' id='word_1_285' title='bbox 948 3850 1035 3921; x_wconf 88' lang='lat' dir='ltr'><strong>tunc,</strong></span> <span class='ocrx_word' id='word_1_286' title='bbox 1053 3839 1079 3901; x_wconf 88' lang='lat' dir='ltr'><strong>si</strong></span> <span class='ocrx_word' id='word_1_287' title='bbox 1091 3838 1145 3900; x_wconf 87' lang='lat' dir='ltr'><strong>liat</strong></span> <span class='ocrx_word' id='word_1_288' title='bbox 1157 3827 1316 3916; x_wconf 71' lang='lat' dir='ltr'><strong>coaptato</strong></span> 
     </span>
     <span class='ocr_line' id='line_1_40' title="bbox 319 3922 1316 4018; baseline -0.005 -32"><span class='ocrx_word' id='word_1_289' title='bbox 319 3922 360 3986; x_wconf 91' lang='lat' dir='ltr'><strong>de</strong></span> <span class='ocrx_word' id='word_1_290' title='bbox 376 3926 487 4002; x_wconf 88' lang='lat' dir='ltr'><strong>Beata,</strong></span> <span class='ocrx_word' id='word_1_291' title='bbox 504 3926 648 4012; x_wconf 91' lang='lat' dir='ltr'><strong>Hymnus</strong></span> <span class='ocrx_word' id='word_1_292' title='bbox 675 3931 705 3993; x_wconf 91' lang='lat' dir='ltr'><strong>in</strong></span> <span class='ocrx_word' id='word_1_293' title='bbox 729 3932 879 4016; x_wconf 86' lang='lat' dir='ltr'><strong>Vesperis</strong></span> <span class='ocrx_word' id='word_1_294' title='bbox 894 3943 926 3996; x_wconf 87' lang='lat' dir='ltr'><strong>ct</strong></span> <span class='ocrx_word' id='word_1_295' title='bbox 944 3932 1159 4018; x_wconf 85' lang='lat' dir='ltr'><strong>Complctorio</strong></span> <span class='ocrx_word' id='word_1_296' title='bbox 1178 3933 1316 3996; x_wconf 82' lang='lat' dir='ltr'><strong>mutatur,</strong></span> 
     </span>
     <span class='ocr_line' id='line_1_41' title="bbox 322 4013 1317 4110; baseline 0.001 -31"><span class='ocrx_word' id='word_1_297' title='bbox 322 4017 381 4079; x_wconf 92' lang='lat' dir='ltr'><strong>nisi</strong></span> <span class='ocrx_word' id='word_1_298' title='bbox 391 4021 628 4084; x_wconf 87' lang='lat' dir='ltr'><strong>conclusionem</strong></span> <span class='ocrx_word' id='word_1_299' title='bbox 642 4027 804 4109; x_wconf 88' lang='lat' dir='ltr'><strong>propriam</strong></span> <span class='ocrx_word' id='word_1_300' title='bbox 813 4027 968 4109; x_wconf 87' lang='lat' dir='ltr'><strong>habeant;</strong></span> <span class='ocrx_word' id='word_1_301' title='bbox 985 4028 1010 4091; x_wconf 91' lang='lat' dir='ltr'><strong>si</strong></span> <span class='ocrx_word' id='word_1_302' title='bbox 1023 4047 1099 4093; x_wconf 83' lang='lat' dir='ltr'><strong>vera</strong></span> <span class='ocrx_word' id='word_1_303' title='bbox 1107 4019 1264 4110; x_wconf 89' lang='lat' dir='ltr'><strong>sequentis</strong></span> <span class='ocrx_word' id='word_1_304' title='bbox 1273 4013 1317 4075; x_wconf 80' lang='lat' dir='ltr'><strong>fitl</strong></span> 
     </span>
     <span class='ocr_line' id='line_1_42' title="bbox 237 4110 1317 4207; baseline 0.001 -33"><span class='ocrx_word' id='word_1_305' title='bbox 237 4119 239 4124; x_wconf 83' lang='grc'>’</span> <span class='ocrx_word' id='word_1_306' title='bbox 321 4121 445 4174; x_wconf 89' lang='lat' dir='ltr'><strong>tantum</strong></span> <span class='ocrx_word' id='word_1_307' title='bbox 461 4113 727 4182; x_wconf 86' lang='lat' dir='ltr'><strong>Commemoratio</strong></span> <span class='ocrx_word' id='word_1_308' title='bbox 739 4140 802 4182; x_wconf 90' lang='lat' dir='ltr'><strong>nan</strong></span> <span class='ocrx_word' id='word_1_309' title='bbox 819 4121 877 4182; x_wconf 90' lang='lat' dir='ltr'><strong>nisi</strong></span> <span class='ocrx_word' id='word_1_310' title='bbox 891 4123 922 4182; x_wconf 93' lang='lat' dir='ltr'><strong>in</strong></span> <span class='ocrx_word' id='word_1_311' title='bbox 933 4119 1147 4207; x_wconf 88' lang='lat' dir='ltr'><strong>Complctario</strong></span> <span class='ocrx_word' id='word_1_312' title='bbox 1157 4110 1317 4180; x_wconf 79' lang='lat' dir='ltr'><strong>mutabitur</strong></span> 
     </span>
    </p>
   </div>
   <div class='ocr_carea' id='block_1_9' title="bbox 0 0 1407 4740">
    <p class='ocr_par' dir='ltr' id='par_1_14' title="bbox 0 0 1407 4740">
     <span class='ocr_line' id='line_1_43' title="bbox 0 0 1407 4740; baseline 0 0"><span class='ocrx_word' id='word_1_313' title='bbox 0 0 1407 4740; x_wconf 95' lang='lat' dir='ltr'><strong> </strong></span> 
     </span>
    </p>
   </div>
  </div>
 </body>
</html>
