<?xml version="1.0" encoding="UTF-8"?>
<!DOCTYPE html PUBLIC "-//W3C//DTD XHTML 1.0 Transitional//EN"
    "http://www.w3.org/TR/xhtml1/DTD/xhtml1-transitional.dtd">
<html xmlns="http://www.w3.org/1999/xhtml" xml:lang="en" lang="en">
 <head>
  <title>
</title>
<meta http-equiv="Content-Type" content="text/html;charset=utf-8" />
  <meta name='ocr-system' content='tesseract 3.04.00' />
  <meta name='ocr-capabilities' content='ocr_page ocr_carea ocr_par ocr_line ocrx_word'/>
</head>
<body>
  <div class='ocr_page' id='page_1' title='image "./quaestionesinru00churgoog_0261.png"; bbox 0 0 2806 4736; ppageno 0'>
   <div class='ocr_carea' id='block_1_1' title="bbox 314 213 915 278">
    <p class='ocr_par' dir='ltr' id='par_1_1' title="bbox 314 213 915 278">
     <span class='ocr_line' id='line_1_1' title="bbox 314 213 915 278; baseline -0.022 0"><span class='ocrx_word' id='word_1_1' title='bbox 314 213 358 278; x_wconf 67' lang='grc' dir='ltr'><em>ὅθ</em></span> <span class='ocrx_word' id='word_1_2' title='bbox 597 224 599 228; x_wconf 89' lang='grc'><strong><em>·</em></strong></span> <span class='ocrx_word' id='word_1_3' title='bbox 724 225 915 275; x_wconf 64' lang='lat' dir='ltr'><em>«tamastanus</em></span> 
     </span>
    </p>
   </div>
   <div class='ocr_carea' id='block_1_2' title="bbox 359 325 1317 417">
    <p class='ocr_par' dir='ltr' id='par_1_2' title="bbox 359 325 1317 417">
     <span class='ocr_line' id='line_1_2' title="bbox 359 325 1317 417; baseline -0.015 -19"><span class='ocrx_word' id='word_1_4' title='bbox 359 338 476 417; x_wconf 80' lang='lat' dir='ltr'><em>Qnaest.</em></span> <span class='ocrx_word' id='word_1_5' title='bbox 497 332 549 394; x_wconf 74' lang='grc'><em>84.</em></span> <span class='ocrx_word' id='word_1_6' title='bbox 572 332 676 410; x_wconf 81' lang='lat' dir='ltr'><em>Qstare</em></span> <span class='ocrx_word' id='word_1_7' title='bbox 695 339 833 392; x_wconf 86' lang='lat' dir='ltr'><em>accurate</em></span> <span class='ocrx_word' id='word_1_8' title='bbox 864 325 1131 389; x_wconf 79' lang='lat' dir='ltr'><em>eleterun&#39;aunclum</em></span> <span class='ocrx_word' id='word_1_9' title='bbox 1156 335 1198 386; x_wconf 89' lang='lat' dir='ltr'><em>est</em></span> <span class='ocrx_word' id='word_1_10' title='bbox 1223 345 1259 385; x_wconf 81' lang='lat' dir='ltr'><em>arr</em></span> <span class='ocrx_word' id='word_1_11' title='bbox 1276 327 1317 385; x_wconf 77' lang='lat' dir='ltr'><em>l&#39;e·</em></span> 
     </span>
    </p>
   </div>
   <div class='ocr_carea' id='block_1_3' title="bbox 220 420 1373 4186">
    <p class='ocr_par' dir='ltr' id='par_1_3' title="bbox 314 420 1314 510">
     <span class='ocr_line' id='line_1_3' title="bbox 314 420 1314 510; baseline -0.016 -15"><span class='ocrx_word' id='word_1_12' title='bbox 314 443 398 496; x_wconf 85' lang='lat' dir='ltr'><em>stam</em></span> <span class='ocrx_word' id='word_1_13' title='bbox 412 428 546 510; x_wconf 85' lang='lat' dir='ltr'><em>alicujus</em></span> <span class='ocrx_word' id='word_1_14' title='bbox 562 426 699 488; x_wconf 88' lang='lat' dir='ltr'><em>Patroni</em></span> <span class='ocrx_word' id='word_1_15' title='bbox 720 422 827 485; x_wconf 86' lang='lat' dir='ltr'><em>haheat</em></span> <span class='ocrx_word' id='word_1_16' title='bbox 849 442 938 484; x_wconf 77' lang='lat' dir='ltr'><em>trecate</em></span> <span class='ocrx_word' id='word_1_17' title='bbox 960 420 1155 504; x_wconf 75' lang='lat' dir='ltr'><em>feriationem</em></span> <span class='ocrx_word' id='word_1_18' title='bbox 1171 440 1314 496; x_wconf 75' lang='lat' dir='ltr'><strong><em>annexam,</em></strong></span> 
     </span>
    </p>

    <p class='ocr_par' dir='ltr' id='par_1_4' title="bbox 320 511 1318 606">
     <span class='ocr_line' id='line_1_4' title="bbox 320 511 1318 606; baseline -0.016 -19"><span class='ocrx_word' id='word_1_19' title='bbox 320 545 389 587; x_wconf 78' lang='lat' dir='ltr'><em>curre</em></span> <span class='ocrx_word' id='word_1_20' title='bbox 410 533 541 606; x_wconf 83' lang='lat' dir='ltr'><em>atraque</em></span> <span class='ocrx_word' id='word_1_21' title='bbox 563 517 709 602; x_wconf 78' lang='lat' dir='ltr'><em>ohlipatio</em></span> <span class='ocrx_word' id='word_1_22' title='bbox 735 514 886 577; x_wconf 81' lang='lat' dir='ltr'><em>aetrliemli</em></span> <span class='ocrx_word' id='word_1_23' title='bbox 905 515 1031 574; x_wconf 84' lang='lat' dir='ltr'><em>Missam</em></span> <span class='ocrx_word' id='word_1_24' title='bbox 1057 523 1084 573; x_wconf 85' lang='lat' dir='ltr'><em>et</em></span> <span class='ocrx_word' id='word_1_25' title='bbox 1104 511 1271 574; x_wconf 82' lang='lat' dir='ltr'><em>abstinendi</em></span> <span class='ocrx_word' id='word_1_26' title='bbox 1290 511 1318 573; x_wconf 85' lang='lat' dir='ltr'><em>al</em></span> 
     </span>
    </p>

    <p class='ocr_par' dir='ltr' id='par_1_5' title="bbox 322 605 1316 702">
     <span class='ocr_line' id='line_1_5' title="bbox 322 605 1316 702; baseline -0.014 -22"><span class='ocrx_word' id='word_1_27' title='bbox 322 617 462 702; x_wconf 78' lang='lat' dir='ltr'><em>operibus</em></span> <span class='ocrx_word' id='word_1_28' title='bbox 492 613 664 690; x_wconf 84' lang='lat' dir='ltr'><em>seruilibus,</em></span> <span class='ocrx_word' id='word_1_29' title='bbox 687 610 798 674; x_wconf 80' lang='lat' dir='ltr'><em>indeo</em></span> <span class='ocrx_word' id='word_1_30' title='bbox 830 619 961 691; x_wconf 84' lang='lat' dir='ltr'><em>terrrpore</em></span> <span class='ocrx_word' id='word_1_31' title='bbox 994 605 1111 669; x_wconf 79' lang='lat' dir='ltr'><em>indulti</em></span> <span class='ocrx_word' id='word_1_32' title='bbox 1139 607 1215 666; x_wconf 82' lang='lat' dir='ltr'><em>attrei</em></span> <span class='ocrx_word' id='word_1_33' title='bbox 1235 605 1316 680; x_wconf 76' lang='lat' dir='ltr'><em>teat,</em></span> 
     </span>
    </p>

    <p class='ocr_par' dir='ltr' id='par_1_6' title="bbox 321 698 1373 888">
     <span class='ocr_line' id='line_1_6' title="bbox 321 698 1373 788; baseline -0.02 -14"><span class='ocrx_word' id='word_1_34' title='bbox 321 709 477 774; x_wconf 89' lang='lat' dir='ltr'><em>translata</em></span> <span class='ocrx_word' id='word_1_35' title='bbox 498 711 538 771; x_wconf 87' lang='lat' dir='ltr'><em>sit</em></span> <span class='ocrx_word' id='word_1_36' title='bbox 563 710 595 769; x_wconf 85' lang='lat' dir='ltr'><em>in</em></span> <span class='ocrx_word' id='word_1_37' title='bbox 621 707 815 768; x_wconf 80' lang='lat' dir='ltr'><em>Darninicans</em></span> <span class='ocrx_word' id='word_1_38' title='bbox 837 698 1035 786; x_wconf 73' lang='lat' dir='ltr'><em>sequentem?</em></span> <span class='ocrx_word' id='word_1_39' title='bbox 1370 781 1373 788; x_wconf 30' lang='grc' dir='ltr'>Ι</span> 
     </span>
     <span class='ocr_line' id='line_1_7' title="bbox 364 795 1319 888; baseline -0.017 -18"><span class='ocrx_word' id='word_1_40' title='bbox 364 806 407 870; x_wconf 84' lang='lat' dir='ltr'><em>R.</em></span> <span class='ocrx_word' id='word_1_41' title='bbox 425 804 519 885; x_wconf 84' lang='lat' dir='ltr'><em>Quia,</em></span> <span class='ocrx_word' id='word_1_42' title='bbox 538 800 667 888; x_wconf 90' lang='lat' dir='ltr'><em>quando</em></span> <span class='ocrx_word' id='word_1_43' title='bbox 689 799 879 864; x_wconf 71' lang='lat' dir='ltr'><em>transfertur</em></span> <span class='ocrx_word' id='word_1_44' title='bbox 898 798 964 860; x_wconf 84' lang='lat' dir='ltr'><em>ltaec</em></span> <span class='ocrx_word' id='word_1_45' title='bbox 986 796 1139 880; x_wconf 82' lang='lat' dir='ltr'><em>obligatio</em></span> <span class='ocrx_word' id='word_1_46' title='bbox 1165 797 1197 858; x_wconf 92' lang='lat' dir='ltr'><em>in</em></span> <span class='ocrx_word' id='word_1_47' title='bbox 1226 795 1319 858; x_wconf 89' lang='lat' dir='ltr'><em>Domi-</em></span> 
     </span>
    </p>

    <p class='ocr_par' dir='ltr' id='par_1_7' title="bbox 248 889 1322 1642">
     <span class='ocr_line' id='line_1_8' title="bbox 248 889 1319 982; baseline -0.013 -20"><span class='ocrx_word' id='word_1_48' title='bbox 248 955 251 962; x_wconf 94' lang='lat'><em>.</em></span> <span class='ocrx_word' id='word_1_49' title='bbox 320 898 435 979; x_wconf 87' lang='lat' dir='ltr'><em>nicam,</em></span> <span class='ocrx_word' id='word_1_50' title='bbox 458 905 583 982; x_wconf 84' lang='lat' dir='ltr'><em>oportet</em></span> <span class='ocrx_word' id='word_1_51' title='bbox 607 896 639 957; x_wconf 87' lang='lat' dir='ltr'><em>iu</em></span> <span class='ocrx_word' id='word_1_52' title='bbox 661 895 715 957; x_wconf 90' lang='lat' dir='ltr'><em>illa</em></span> <span class='ocrx_word' id='word_1_53' title='bbox 735 893 901 956; x_wconf 87' lang='lat' dir='ltr'><em>Dominiea</em></span> <span class='ocrx_word' id='word_1_54' title='bbox 928 889 1084 954; x_wconf 86' lang='lat' dir='ltr'><em>celebrari</em></span> <span class='ocrx_word' id='word_1_55' title='bbox 1108 891 1234 952; x_wconf 84' lang='lat' dir='ltr'><em>Missam</em></span> <span class='ocrx_word' id='word_1_56' title='bbox 1255 890 1319 951; x_wconf 86' lang='lat' dir='ltr'><em>salc-</em></span> 
     </span>
     <span class='ocr_line' id='line_1_9' title="bbox 320 983 1319 1066; baseline -0.014 -10"><span class='ocrx_word' id='word_1_57' title='bbox 320 1013 425 1056; x_wconf 89' lang='lat' dir='ltr'><em>muem</em></span> <span class='ocrx_word' id='word_1_58' title='bbox 452 989 492 1053; x_wconf 89' lang='lat' dir='ltr'><em>dc</em></span> <span class='ocrx_word' id='word_1_59' title='bbox 516 991 610 1053; x_wconf 87' lang='lat' dir='ltr'><em>Festo</em></span> <span class='ocrx_word' id='word_1_60' title='bbox 635 988 776 1051; x_wconf 86' lang='lat' dir='ltr'><em>Patroni.</em></span> <span class='ocrx_word' id='word_1_61' title='bbox 795 985 898 1066; x_wconf 85' lang='lat' dir='ltr'><em>Unde,</em></span> <span class='ocrx_word' id='word_1_62' title='bbox 912 986 936 1048; x_wconf 95' lang='lat' dir='ltr'><em>si</em></span> <span class='ocrx_word' id='word_1_63' title='bbox 953 988 1110 1048; x_wconf 86' lang='lat' dir='ltr'><em>Patronus</em></span> <span class='ocrx_word' id='word_1_64' title='bbox 1126 1006 1191 1047; x_wconf 89' lang='lat' dir='ltr'><em>non</em></span> <span class='ocrx_word' id='word_1_65' title='bbox 1206 983 1319 1046; x_wconf 87' lang='lat' dir='ltr'><em>ferietur</em></span> 
     </span>
     <span class='ocr_line' id='line_1_10' title="bbox 322 1075 1319 1172; baseline -0.015 -21"><span class='ocrx_word' id='word_1_66' title='bbox 322 1086 391 1172; x_wconf 90' lang='lat' dir='ltr'><em>cjus</em></span> <span class='ocrx_word' id='word_1_67' title='bbox 414 1085 605 1150; x_wconf 80' lang='lat' dir='ltr'><em>solemnitas</em></span> <span class='ocrx_word' id='word_1_68' title='bbox 628 1103 692 1145; x_wconf 93' lang='lat' dir='ltr'><em>nan</em></span> <span class='ocrx_word' id='word_1_69' title='bbox 717 1082 905 1145; x_wconf 84' lang='lat' dir='ltr'><em>transfertur</em></span> <span class='ocrx_word' id='word_1_70' title='bbox 929 1081 960 1142; x_wconf 93' lang='lat' dir='ltr'><em>in</em></span> <span class='ocrx_word' id='word_1_71' title='bbox 986 1080 1197 1143; x_wconf 90' lang='lat' dir='ltr'><em>Dominicam.</em></span> <span class='ocrx_word' id='word_1_72' title='bbox 1211 1075 1319 1142; x_wconf 89' lang='lat' dir='ltr'><em>Etidco</em></span> 
     </span>
     <span class='ocr_line' id='line_1_11' title="bbox 326 1171 1320 1244; baseline -0.014 0"><span class='ocrx_word' id='word_1_73' title='bbox 326 1177 534 1244; x_wconf 71' lang='lat' dir='ltr'><em>saumana</em></span> <span class='ocrx_word' id='word_1_74' title='bbox 558 1177 749 1240; x_wconf 87' lang='lat' dir='ltr'><em>Solemnitas</em></span> <span class='ocrx_word' id='word_1_75' title='bbox 774 1171 993 1238; x_wconf 81' lang='lat' dir='ltr'><em>transferenda</em></span> <span class='ocrx_word' id='word_1_76' title='bbox 1018 1183 1065 1236; x_wconf 88' lang='lat' dir='ltr'><em>est</em></span> <span class='ocrx_word' id='word_1_77' title='bbox 1086 1174 1116 1235; x_wconf 90' lang='lat' dir='ltr'><em>in</em></span> <span class='ocrx_word' id='word_1_78' title='bbox 1139 1172 1320 1235; x_wconf 87' lang='lat' dir='ltr'><em>Dominicam</em></span> 
     </span>
     <span class='ocr_line' id='line_1_12' title="bbox 322 1268 1321 1359; baseline -0.013 -22"><span class='ocrx_word' id='word_1_79' title='bbox 322 1296 379 1359; x_wconf 89' lang='lat' dir='ltr'><em>pro</em></span> <span class='ocrx_word' id='word_1_80' title='bbox 410 1273 539 1338; x_wconf 90' lang='lat' dir='ltr'><em>civitate</em></span> <span class='ocrx_word' id='word_1_81' title='bbox 570 1270 790 1334; x_wconf 88' lang='lat' dir='ltr'><em>Mechliuiensi</em></span> <span class='ocrx_word' id='word_1_82' title='bbox 826 1279 968 1346; x_wconf 89' lang='lat' dir='ltr'><em>tantum,</em></span> <span class='ocrx_word' id='word_1_83' title='bbox 1008 1268 1084 1353; x_wconf 89' lang='lat' dir='ltr'><em>quia</em></span> <span class='ocrx_word' id='word_1_84' title='bbox 1113 1277 1160 1330; x_wconf 92' lang='lat' dir='ltr'><em>est</em></span> <span class='ocrx_word' id='word_1_85' title='bbox 1183 1269 1321 1330; x_wconf 87' lang='lat' dir='ltr'><em>Patronus</em></span> 
     </span>
     <span class='ocr_line' id='line_1_13' title="bbox 320 1359 1319 1449; baseline -0.01 -19"><span class='ocrx_word' id='word_1_86' title='bbox 320 1367 468 1442; x_wconf 86' lang='lat' dir='ltr'><em>civitatis,</em></span> <span class='ocrx_word' id='word_1_87' title='bbox 495 1375 527 1428; x_wconf 92' lang='lat' dir='ltr'><em>et</em></span> <span class='ocrx_word' id='word_1_88' title='bbox 548 1373 781 1449; x_wconf 84' lang='lat' dir='ltr'><em>consequenter</em></span> <span class='ocrx_word' id='word_1_89' title='bbox 797 1365 924 1426; x_wconf 85' lang='lat' dir='ltr'><em>Festum</em></span> <span class='ocrx_word' id='word_1_90' title='bbox 953 1361 1022 1447; x_wconf 86' lang='lat' dir='ltr'><em>ejus</em></span> <span class='ocrx_word' id='word_1_91' title='bbox 1045 1373 1092 1425; x_wconf 90' lang='lat' dir='ltr'><em>est</em></span> <span class='ocrx_word' id='word_1_92' title='bbox 1111 1359 1152 1424; x_wconf 89' lang='lat' dir='ltr'><em>de</em></span> <span class='ocrx_word' id='word_1_93' title='bbox 1167 1369 1319 1446; x_wconf 73' lang='lat' dir='ltr'><em>precepta.</em></span> 
     </span>
     <span class='ocr_line' id='line_1_14' title="bbox 322 1454 1321 1542; baseline -0.01 -18"><span class='ocrx_word' id='word_1_94' title='bbox 322 1461 384 1524; x_wconf 92' lang='lat' dir='ltr'><em>Pro</em></span> <span class='ocrx_word' id='word_1_95' title='bbox 400 1459 528 1522; x_wconf 67' lang='lat' dir='ltr'><em>diaecesi</em></span> <span class='ocrx_word' id='word_1_96' title='bbox 550 1479 628 1523; x_wconf 80' lang='lat' dir='ltr'><em>vero</em></span> <span class='ocrx_word' id='word_1_97' title='bbox 653 1459 843 1522; x_wconf 78' lang='lat' dir='ltr'><em>solemnitas</em></span> <span class='ocrx_word' id='word_1_98' title='bbox 859 1479 923 1520; x_wconf 91' lang='lat' dir='ltr'><em>non</em></span> <span class='ocrx_word' id='word_1_99' title='bbox 942 1457 1143 1535; x_wconf 85' lang='lat' dir='ltr'><em>transfertur,</em></span> <span class='ocrx_word' id='word_1_100' title='bbox 1161 1457 1244 1542; x_wconf 89' lang='lat' dir='ltr'><em>quia,</em></span> <span class='ocrx_word' id='word_1_101' title='bbox 1259 1454 1321 1516; x_wconf 90' lang='lat' dir='ltr'><em>lieet</em></span> 
     </span>
     <span class='ocr_line' id='line_1_15' title="bbox 324 1547 1322 1642; baseline -0.01 -25"><span class='ocrx_word' id='word_1_102' title='bbox 324 1556 364 1618; x_wconf 90' lang='lat' dir='ltr'><em>sit</em></span> <span class='ocrx_word' id='word_1_103' title='bbox 388 1556 546 1642; x_wconf 82' lang='lat' dir='ltr'><em>Patronus</em></span> <span class='ocrx_word' id='word_1_104' title='bbox 567 1549 758 1628; x_wconf 71' lang='lat' dir='ltr'><em>diaeceseos,</em></span> <span class='ocrx_word' id='word_1_105' title='bbox 784 1573 958 1636; x_wconf 79' lang='lat' dir='ltr'><em>numquam</em></span> <span class='ocrx_word' id='word_1_106' title='bbox 978 1563 1081 1614; x_wconf 87' lang='lat' dir='ltr'><em>tamen</em></span> <span class='ocrx_word' id='word_1_107' title='bbox 1105 1551 1216 1614; x_wconf 89' lang='lat' dir='ltr'><em>habuit</em></span> <span class='ocrx_word' id='word_1_108' title='bbox 1239 1547 1322 1610; x_wconf 90' lang='lat' dir='ltr'><em>fcria-</em></span> 
     </span>
    </p>

    <p class='ocr_par' dir='ltr' id='par_1_8' title="bbox 286 1613 1043 1785">
     <span class='ocr_line' id='line_1_16' title="bbox 286 1613 1043 1785; baseline -0.004 -75"><span class='ocrx_word' id='word_1_109' title='bbox 286 1613 442 1785; x_wconf 58' lang='lat' dir='ltr'><em>Qunem</em></span> <span class='ocrx_word' id='word_1_110' title='bbox 470 1656 558 1709; x_wconf 89' lang='lat' dir='ltr'><em>extra</em></span> <span class='ocrx_word' id='word_1_111' title='bbox 581 1647 775 1710; x_wconf 86' lang='lat' dir='ltr'><em>territorium</em></span> <span class='ocrx_word' id='word_1_112' title='bbox 803 1646 1043 1710; x_wconf 87' lang='lat' dir='ltr'><em>Mechlinicnse.</em></span> 
     </span>
    </p>

    <p class='ocr_par' dir='ltr' id='par_1_9' title="bbox 364 1740 1322 1828">
     <span class='ocr_line' id='line_1_17' title="bbox 364 1740 1322 1828; baseline -0.006 -22"><span class='ocrx_word' id='word_1_113' title='bbox 364 1743 483 1824; x_wconf 81' lang='lat' dir='ltr'><em>Quasl.</em></span> <span class='ocrx_word' id='word_1_114' title='bbox 503 1742 557 1804; x_wconf 77' lang='grc'><em>85.</em></span> <span class='ocrx_word' id='word_1_115' title='bbox 578 1742 714 1820; x_wconf 86' lang='lat' dir='ltr'><em>Quinam</em></span> <span class='ocrx_word' id='word_1_116' title='bbox 738 1751 765 1805; x_wconf 91' lang='lat' dir='ltr'><em>et</em></span> <span class='ocrx_word' id='word_1_117' title='bbox 782 1763 841 1828; x_wconf 74' lang='lat' dir='ltr'><em>queo</em></span> <span class='ocrx_word' id='word_1_118' title='bbox 863 1744 926 1804; x_wconf 88' lang='lat' dir='ltr'><em>rita</em></span> <span class='ocrx_word' id='word_1_119' title='bbox 953 1740 1102 1804; x_wconf 81' lang='lat' dir='ltr'><em>celebrare</em></span> <span class='ocrx_word' id='word_1_120' title='bbox 1129 1751 1261 1804; x_wconf 84' lang='lat' dir='ltr'><em>teuenttn·</em></span> <span class='ocrx_word' id='word_1_121' title='bbox 1274 1741 1322 1800; x_wconf 86' lang='lat' dir='ltr'><em>l&#39;e·</em></span> 
     </span>
    </p>

    <p class='ocr_par' dir='ltr' id='par_1_10' title="bbox 323 1834 1147 1900">
     <span class='ocr_line' id='line_1_18' title="bbox 323 1834 1147 1900; baseline -0.007 0"><span class='ocrx_word' id='word_1_122' title='bbox 323 1849 405 1900; x_wconf 81' lang='lat' dir='ltr'><em>stant</em></span> <span class='ocrx_word' id='word_1_123' title='bbox 435 1835 534 1900; x_wconf 71' lang='lat' dir='ltr'><em>uttan·</em></span> <span class='ocrx_word' id='word_1_124' title='bbox 554 1835 698 1899; x_wconf 79' lang='lat' dir='ltr'><em>Ecclesia</em></span> <span class='ocrx_word' id='word_1_125' title='bbox 713 1834 732 1896; x_wconf 68' lang='grc' dir='ltr'><em>ἶ)</em></span> <span class='ocrx_word' id='word_1_126' title='bbox 1144 1865 1147 1868; x_wconf 20' lang='grc' dir='ltr'><strong><em>ι</em></strong></span> 
     </span>
    </p>

    <p class='ocr_par' dir='ltr' id='par_1_11' title="bbox 322 1929 1324 2197">
     <span class='ocr_line' id='line_1_19' title="bbox 366 1929 1322 2014; baseline -0.008 -18"><span class='ocrx_word' id='word_1_127' title='bbox 366 1935 408 1996; x_wconf 85' lang='lat' dir='ltr'><em>R.</em></span> <span class='ocrx_word' id='word_1_128' title='bbox 439 1930 505 1994; x_wconf 90' lang='lat' dir='ltr'><em>Soli</em></span> <span class='ocrx_word' id='word_1_129' title='bbox 532 1931 640 1994; x_wconf 91' lang='lat' dir='ltr'><em>clerici</em></span> <span class='ocrx_word' id='word_1_130' title='bbox 670 1931 746 1994; x_wconf 91' lang='lat' dir='ltr'><em>huie</em></span> <span class='ocrx_word' id='word_1_131' title='bbox 786 1932 932 1994; x_wconf 83' lang='lat' dir='ltr'><em>Ecclesiae</em></span> <span class='ocrx_word' id='word_1_132' title='bbox 963 1932 1070 1994; x_wconf 88' lang='lat' dir='ltr'><em>stricte</em></span> <span class='ocrx_word' id='word_1_133' title='bbox 1106 1929 1274 2014; x_wconf 84' lang='lat' dir='ltr'><em>adscripti,</em></span> <span class='ocrx_word' id='word_1_134' title='bbox 1296 1936 1322 1988; x_wconf 90' lang='lat' dir='ltr'><em>ct</em></span> 
     </span>
     <span class='ocr_line' id='line_1_20' title="bbox 322 2023 1324 2113; baseline -0.008 -24"><span class='ocrx_word' id='word_1_135' title='bbox 322 2025 453 2113; x_wconf 89' lang='lat' dir='ltr'><em>quidam</em></span> <span class='ocrx_word' id='word_1_136' title='bbox 481 2026 544 2088; x_wconf 91' lang='lat' dir='ltr'><em>ritu</em></span> <span class='ocrx_word' id='word_1_137' title='bbox 561 2026 686 2110; x_wconf 88' lang='lat' dir='ltr'><em>Duplici</em></span> <span class='ocrx_word' id='word_1_138' title='bbox 711 2027 726 2088; x_wconf 91' lang='lat' dir='ltr'><em>l</em></span> <span class='ocrx_word' id='word_1_139' title='bbox 747 2027 787 2089; x_wconf 90' lang='lat' dir='ltr'><em>el.</em></span> <span class='ocrx_word' id='word_1_140' title='bbox 806 2046 878 2088; x_wconf 90' lang='lat' dir='ltr'><em>cum</em></span> <span class='ocrx_word' id='word_1_141' title='bbox 898 2026 1031 2104; x_wconf 87' lang='lat' dir='ltr'><em>Octava,</em></span> <span class='ocrx_word' id='word_1_142' title='bbox 1056 2026 1181 2089; x_wconf 87' lang='lat' dir='ltr'><em>etiamsi</em></span> <span class='ocrx_word' id='word_1_143' title='bbox 1201 2023 1324 2087; x_wconf 84' lang='lat' dir='ltr'><em>Ecclesia</em></span> 
     </span>
     <span class='ocr_line' id='line_1_21' title="bbox 323 2119 1088 2197; baseline 0.001 -15"><span class='ocrx_word' id='word_1_144' title='bbox 323 2142 386 2183; x_wconf 90' lang='lat' dir='ltr'><em>non</em></span> <span class='ocrx_word' id='word_1_145' title='bbox 402 2121 442 2183; x_wconf 93' lang='lat' dir='ltr'><em>sit</em></span> <span class='ocrx_word' id='word_1_146' title='bbox 458 2130 655 2197; x_wconf 85' lang='lat' dir='ltr'><em>consecrata,</em></span> <span class='ocrx_word' id='word_1_147' title='bbox 674 2120 731 2183; x_wconf 89' lang='lat' dir='ltr'><em>sed</em></span> <span class='ocrx_word' id='word_1_148' title='bbox 758 2129 881 2183; x_wconf 89' lang='lat' dir='ltr'><em>tantum</em></span> <span class='ocrx_word' id='word_1_149' title='bbox 907 2119 1088 2184; x_wconf 88' lang='lat' dir='ltr'><em>benedicta.</em></span> 
     </span>
    </p>

    <p class='ocr_par' dir='ltr' id='par_1_12' title="bbox 326 2212 1325 2394">
     <span class='ocr_line' id='line_1_22' title="bbox 365 2212 1323 2299; baseline -0.004 -23"><span class='ocrx_word' id='word_1_150' title='bbox 365 2213 512 2278; x_wconf 81' lang='lat' dir='ltr'><em>Ecclesiae</em></span> <span class='ocrx_word' id='word_1_151' title='bbox 539 2223 645 2277; x_wconf 88' lang='lat' dir='ltr'><em>autern</em></span> <span class='ocrx_word' id='word_1_152' title='bbox 668 2215 775 2278; x_wconf 87' lang='lat' dir='ltr'><em>stricte</em></span> <span class='ocrx_word' id='word_1_153' title='bbox 802 2212 952 2299; x_wconf 87' lang='lat' dir='ltr'><em>adscripti</em></span> <span class='ocrx_word' id='word_1_154' title='bbox 973 2225 1046 2277; x_wconf 88' lang='lat' dir='ltr'><em>sunt</em></span> <span class='ocrx_word' id='word_1_155' title='bbox 1068 2214 1188 2294; x_wconf 90' lang='lat' dir='ltr'><em>clerici,</em></span> <span class='ocrx_word' id='word_1_156' title='bbox 1212 2213 1259 2276; x_wconf 79' lang='lat' dir='ltr'><em>vel</em></span> <span class='ocrx_word' id='word_1_157' title='bbox 1280 2231 1323 2272; x_wconf 92' lang='lat' dir='ltr'><em>ra·</em></span> 
     </span>
     <span class='ocr_line' id='line_1_23' title="bbox 326 2305 1325 2394; baseline -0.009 -22"><span class='ocrx_word' id='word_1_158' title='bbox 326 2309 410 2372; x_wconf 89' lang='lat' dir='ltr'><em>tione</em></span> <span class='ocrx_word' id='word_1_159' title='bbox 435 2309 573 2392; x_wconf 73' lang='lat' dir='ltr'><em>beneficii</em></span> <span class='ocrx_word' id='word_1_160' title='bbox 601 2307 688 2394; x_wconf 88' lang='lat' dir='ltr'><em>quod</em></span> <span class='ocrx_word' id='word_1_161' title='bbox 711 2309 741 2371; x_wconf 94' lang='lat' dir='ltr'><em>in</em></span> <span class='ocrx_word' id='word_1_162' title='bbox 771 2329 808 2370; x_wconf 85' lang='lat' dir='ltr'><em>ea</em></span> <span class='ocrx_word' id='word_1_163' title='bbox 834 2307 1084 2393; x_wconf 89' lang='lat' dir='ltr'><em>possident,ch</em></span> <span class='ocrx_word' id='word_1_164' title='bbox 1111 2307 1232 2371; x_wconf 80' lang='lat' dir='ltr'><em>ratione</em></span> <span class='ocrx_word' id='word_1_165' title='bbox 1252 2305 1325 2367; x_wconf 79' lang='lat' dir='ltr'><em>chori</em></span> 
     </span>
    </p>

    <p class='ocr_par' dir='ltr' id='par_1_13' title="bbox 220 2397 1322 2489">
     <span class='ocr_line' id='line_1_24' title="bbox 220 2397 1322 2489; baseline -0.009 -23"><span class='ocrx_word' id='word_1_166' title='bbox 220 2422 222 2424; x_wconf 86' lang='grc'><em>·</em></span> <span class='ocrx_word' id='word_1_167' title='bbox 325 2401 363 2465; x_wconf 79' lang='lat' dir='ltr'><em>aa</em></span> <span class='ocrx_word' id='word_1_168' title='bbox 391 2424 487 2489; x_wconf 66' lang='lat' dir='ltr'><em>(parem</em></span> <span class='ocrx_word' id='word_1_169' title='bbox 511 2403 704 2488; x_wconf 84' lang='lat' dir='ltr'><em>obligantur,</em></span> <span class='ocrx_word' id='word_1_170' title='bbox 737 2405 788 2466; x_wconf 87' lang='lat' dir='ltr'><em>vel</em></span> <span class='ocrx_word' id='word_1_171' title='bbox 813 2404 935 2466; x_wconf 88' lang='lat' dir='ltr'><em>ratione</em></span> <span class='ocrx_word' id='word_1_172' title='bbox 964 2425 1045 2466; x_wconf 85' lang='lat' dir='ltr'><em>curos</em></span> <span class='ocrx_word' id='word_1_173' title='bbox 1074 2400 1256 2486; x_wconf 84' lang='lat' dir='ltr'><em>spiritualis,</em></span> <span class='ocrx_word' id='word_1_174' title='bbox 1281 2397 1322 2458; x_wconf 84' lang='lat' dir='ltr'><em>vel</em></span> 
     </span>
    </p>

    <p class='ocr_par' dir='ltr' id='par_1_14' title="bbox 325 2497 1324 2586">
     <span class='ocr_line' id='line_1_25' title="bbox 325 2497 1324 2586; baseline -0.008 -22"><span class='ocrx_word' id='word_1_175' title='bbox 325 2505 424 2565; x_wconf 86' lang='lat' dir='ltr'><em>stricti</em></span> <span class='ocrx_word' id='word_1_176' title='bbox 437 2504 563 2584; x_wconf 81' lang='lat' dir='ltr'><em>servitii,</em></span> <span class='ocrx_word' id='word_1_177' title='bbox 586 2500 637 2565; x_wconf 89' lang='lat' dir='ltr'><em>cui</em></span> <span class='ocrx_word' id='word_1_178' title='bbox 661 2501 733 2585; x_wconf 87' lang='lat' dir='ltr'><em>quis</em></span> <span class='ocrx_word' id='word_1_179' title='bbox 754 2523 817 2564; x_wconf 93' lang='lat' dir='ltr'><em>nan</em></span> <span class='ocrx_word' id='word_1_180' title='bbox 846 2523 902 2564; x_wconf 88' lang='lat' dir='ltr'><em>sua</em></span> <span class='ocrx_word' id='word_1_181' title='bbox 927 2511 1039 2586; x_wconf 90' lang='lat' dir='ltr'><em>sponte</em></span> <span class='ocrx_word' id='word_1_182' title='bbox 1068 2499 1124 2565; x_wconf 92' lang='lat' dir='ltr'><em>sed</em></span> <span class='ocrx_word' id='word_1_183' title='bbox 1152 2521 1170 2563; x_wconf 95' lang='lat' dir='ltr'><em>a</em></span> <span class='ocrx_word' id='word_1_184' title='bbox 1198 2497 1324 2585; x_wconf 84' lang='lat' dir='ltr'><em>legitima</em></span> 
     </span>
    </p>

    <p class='ocr_par' dir='ltr' id='par_1_15' title="bbox 326 2593 1323 2768">
     <span class='ocr_line' id='line_1_26' title="bbox 326 2593 1323 2680; baseline -0.008 -22"><span class='ocrx_word' id='word_1_185' title='bbox 326 2597 511 2660; x_wconf 87' lang='lat' dir='ltr'><em>auctoritate</em></span> <span class='ocrx_word' id='word_1_186' title='bbox 543 2607 590 2660; x_wconf 92' lang='lat' dir='ltr'><em>est</em></span> <span class='ocrx_word' id='word_1_187' title='bbox 612 2593 770 2658; x_wconf 89' lang='lat' dir='ltr'><em>addictus.</em></span> <span class='ocrx_word' id='word_1_188' title='bbox 795 2597 886 2658; x_wconf 90' lang='lat' dir='ltr'><em>Tales</em></span> <span class='ocrx_word' id='word_1_189' title='bbox 916 2605 988 2659; x_wconf 91' lang='lat' dir='ltr'><em>sunt</em></span> <span class='ocrx_word' id='word_1_190' title='bbox 1018 2597 1188 2680; x_wconf 87' lang='lat' dir='ltr'><em>parochus,</em></span> <span class='ocrx_word' id='word_1_191' title='bbox 1211 2593 1323 2674; x_wconf 86' lang='lat' dir='ltr'><em>vicepa-</em></span> 
     </span>
     <span class='ocr_line' id='line_1_27' title="bbox 327 2691 656 2768; baseline 0 -16"><span class='ocrx_word' id='word_1_192' title='bbox 327 2691 454 2768; x_wconf 87' lang='lat' dir='ltr'><em>rochus,</em></span> <span class='ocrx_word' id='word_1_193' title='bbox 475 2701 579 2755; x_wconf 89' lang='lat' dir='ltr'><em>custos</em></span> <span class='ocrx_word' id='word_1_194' title='bbox 595 2700 656 2753; x_wconf 89' lang='lat' dir='ltr'><em>etc.</em></span> 
     </span>
    </p>

    <p class='ocr_par' dir='ltr' id='par_1_16' title="bbox 247 2778 1326 3897">
     <span class='ocr_line' id='line_1_28' title="bbox 370 2778 1322 2862; baseline -0.009 -15"><span class='ocrx_word' id='word_1_195' title='bbox 370 2785 497 2847; x_wconf 88' lang='lat' dir='ltr'><em>Patroni</em></span> <span class='ocrx_word' id='word_1_196' title='bbox 525 2805 602 2848; x_wconf 85' lang='lat' dir='ltr'><em>uero</em></span> <span class='ocrx_word' id='word_1_197' title='bbox 632 2783 872 2846; x_wconf 46' lang='lat' dir='ltr'><em>seu‘Titulares</em></span> <span class='ocrx_word' id='word_1_198' title='bbox 906 2782 1118 2847; x_wconf 88' lang='lat' dir='ltr'><em>oratoriarum</em></span> <span class='ocrx_word' id='word_1_199' title='bbox 1154 2782 1206 2844; x_wconf 88' lang='lat' dir='ltr'><em>vel</em></span> <span class='ocrx_word' id='word_1_200' title='bbox 1231 2778 1322 2862; x_wconf 89' lang='lat' dir='ltr'><em>capel-</em></span> 
     </span>
     <span class='ocr_line' id='line_1_29' title="bbox 327 2874 1319 2962; baseline -0.01 -22"><span class='ocrx_word' id='word_1_201' title='bbox 327 2879 428 2941; x_wconf 90' lang='lat' dir='ltr'><em>larum</em></span> <span class='ocrx_word' id='word_1_202' title='bbox 459 2879 659 2962; x_wconf 91' lang='lat' dir='ltr'><em>puhlicarum</em></span> <span class='ocrx_word' id='word_1_203' title='bbox 692 2899 756 2941; x_wconf 79' lang='lat' dir='ltr'><em>rann</em></span> <span class='ocrx_word' id='word_1_204' title='bbox 786 2877 906 2940; x_wconf 88' lang='lat' dir='ltr'><em>hahent</em></span> <span class='ocrx_word' id='word_1_205' title='bbox 933 2878 988 2962; x_wconf 86' lang='lat' dir='ltr'><em>jus</em></span> <span class='ocrx_word' id='word_1_206' title='bbox 1014 2875 1054 2938; x_wconf 90' lang='lat' dir='ltr'><em>ad</em></span> <span class='ocrx_word' id='word_1_207' title='bbox 1086 2878 1148 2942; x_wconf 89' lang='lat' dir='ltr'><em>tale</em></span> <span class='ocrx_word' id='word_1_208' title='bbox 1178 2874 1319 2938; x_wconf 86' lang='lat' dir='ltr'><em>Officium.</em></span> 
     </span>
     <span class='ocr_line' id='line_1_30' title="bbox 326 2968 1320 3058; baseline -0.007 -24"><span class='ocrx_word' id='word_1_209' title='bbox 326 2972 406 3034; x_wconf 82' lang='lat' dir='ltr'><em>Cum</em></span> <span class='ocrx_word' id='word_1_210' title='bbox 429 2983 534 3035; x_wconf 87' lang='lat' dir='ltr'><em>autem</em></span> <span class='ocrx_word' id='word_1_211' title='bbox 565 2984 679 3058; x_wconf 76' lang='lat' dir='ltr'><em>praeter</em></span> <span class='ocrx_word' id='word_1_212' title='bbox 715 2973 870 3036; x_wconf 76' lang='lat' dir='ltr'><em>Ecclesiae</em></span> <span class='ocrx_word' id='word_1_213' title='bbox 900 2971 1117 3047; x_wconf 77' lang='lat' dir='ltr'><em>cathedraleS,</em></span> <span class='ocrx_word' id='word_1_214' title='bbox 1142 2968 1320 3054; x_wconf 80' lang='lat' dir='ltr'><em>collegiatae,</em></span> 
     </span>
     <span class='ocr_line' id='line_1_31' title="bbox 326 3064 1321 3151; baseline -0.009 -23"><span class='ocrx_word' id='word_1_215' title='bbox 326 3067 554 3130; x_wconf 84' lang='lat' dir='ltr'><em>conventuales</em></span> <span class='ocrx_word' id='word_1_216' title='bbox 584 3077 615 3129; x_wconf 90' lang='lat' dir='ltr'><em>ct</em></span> <span class='ocrx_word' id='word_1_217' title='bbox 658 3067 854 3151; x_wconf 88' lang='lat' dir='ltr'><em>parochiales</em></span> <span class='ocrx_word' id='word_1_218' title='bbox 889 3068 1019 3150; x_wconf 89' lang='lat' dir='ltr'><em>insuper</em></span> <span class='ocrx_word' id='word_1_219' title='bbox 1048 3065 1117 3128; x_wconf 76' lang='lat' dir='ltr'><em>alise</em></span> <span class='ocrx_word' id='word_1_220' title='bbox 1147 3064 1321 3132; x_wconf 87' lang='lat' dir='ltr'><em>habeantur,</em></span> 
     </span>
     <span class='ocr_line' id='line_1_32' title="bbox 328 3148 1322 3246; baseline -0.008 -25"><span class='ocrx_word' id='word_1_221' title='bbox 328 3171 362 3222; x_wconf 91' lang='lat' dir='ltr'><em>ct·</em></span> <span class='ocrx_word' id='word_1_222' title='bbox 388 3159 560 3245; x_wconf 85' lang='lat' dir='ltr'><em>aliquando</em></span> <span class='ocrx_word' id='word_1_223' title='bbox 590 3160 718 3224; x_wconf 86' lang='lat' dir='ltr'><em>difficile</em></span> <span class='ocrx_word' id='word_1_224' title='bbox 750 3162 789 3223; x_wconf 90' lang='lat' dir='ltr'><em>sit</em></span> <span class='ocrx_word' id='word_1_225' title='bbox 813 3159 1008 3246; x_wconf 85' lang='lat' dir='ltr'><em>distinguere</em></span> <span class='ocrx_word' id='word_1_226' title='bbox 1042 3161 1125 3221; x_wconf 89' lang='lat' dir='ltr'><em>inter</em></span> <span class='ocrx_word' id='word_1_227' title='bbox 1154 3148 1322 3241; x_wconf 90' lang='lat' dir='ltr'><em>hujusmodi</em></span> 
     </span>
     <span class='ocr_line' id='line_1_33' title="bbox 247 3247 1322 3338; baseline 0.004 -22"><span class='ocrx_word' id='word_1_228' title='bbox 247 3325 249 3330; x_wconf 21' lang='lat'><strong>¹</strong></span> <span class='ocrx_word' id='word_1_229' title='bbox 328 3253 500 3316; x_wconf 88' lang='lat' dir='ltr'><em>Ecclesiam</em></span> <span class='ocrx_word' id='word_1_230' title='bbox 518 3265 549 3318; x_wconf 95' lang='lat' dir='ltr'><em>ct</em></span> <span class='ocrx_word' id='word_1_231' title='bbox 564 3255 724 3338; x_wconf 87' lang='lat' dir='ltr'><em>Capellam</em></span> <span class='ocrx_word' id='word_1_232' title='bbox 742 3255 914 3338; x_wconf 89' lang='lat' dir='ltr'><em>publicam,</em></span> <span class='ocrx_word' id='word_1_233' title='bbox 932 3253 1022 3316; x_wconf 79' lang='lat' dir='ltr'><em>dedit</em></span> <span class='ocrx_word' id='word_1_234' title='bbox 1042 3255 1075 3316; x_wconf 90' lang='lat' dir='ltr'><em>S.</em></span> <span class='ocrx_word' id='word_1_235' title='bbox 1099 3254 1142 3315; x_wconf 87' lang='lat' dir='ltr'><em>R.</em></span> <span class='ocrx_word' id='word_1_236' title='bbox 1162 3252 1211 3330; x_wconf 88' lang='lat' dir='ltr'><em>C.,</em></span> <span class='ocrx_word' id='word_1_237' title='bbox 1228 3247 1322 3319; x_wconf 72' lang='lat' dir='ltr'><em>22Ju·</em></span> 
     </span>
     <span class='ocr_line' id='line_1_34' title="bbox 329 3347 1323 3439; baseline -0.008 -29"><span class='ocrx_word' id='word_1_238' title='bbox 329 3348 363 3410; x_wconf 94' lang='lat' dir='ltr'><em>lii</em></span> <span class='ocrx_word' id='word_1_239' title='bbox 389 3350 489 3429; x_wconf 82' lang='lat'><em>1855,</em></span> <span class='ocrx_word' id='word_1_240' title='bbox 514 3373 650 3439; x_wconf 89' lang='lat' dir='ltr'><em>sequens</em></span> <span class='ocrx_word' id='word_1_241' title='bbox 672 3371 878 3434; x_wconf 82' lang='lat' dir='ltr'><em>responsum:</em></span> <span class='ocrx_word' id='word_1_242' title='bbox 901 3349 1036 3412; x_wconf 85' lang='lat' dir='ltr'><em>Ecclesia</em></span> <span class='ocrx_word' id='word_1_243' title='bbox 1052 3347 1249 3431; x_wconf 78' lang='lat' dir='ltr'><em>iutellipitar,</em></span> <span class='ocrx_word' id='word_1_244' title='bbox 1269 3359 1323 3428; x_wconf 77' lang='lat' dir='ltr'><em>quet</em></span> 
     </span>
     <span class='ocr_line' id='line_1_35' title="bbox 331 3433 1326 3529; baseline -0.013 -25"><span class='ocrx_word' id='word_1_245' title='bbox 331 3463 363 3504; x_wconf 94' lang='lat' dir='ltr'><em>eo</em></span> <span class='ocrx_word' id='word_1_246' title='bbox 371 3447 567 3526; x_wconf 85' lang='lat' dir='ltr'><em>potissimum</em></span> <span class='ocrx_word' id='word_1_247' title='bbox 581 3446 642 3529; x_wconf 77' lang='lat' dir='ltr'><em>stae</em></span> <span class='ocrx_word' id='word_1_248' title='bbox 657 3443 837 3526; x_wconf 66' lang='lat' dir='ltr'><em>uelificatas,</em></span> <span class='ocrx_word' id='word_1_249' title='bbox 853 3455 887 3505; x_wconf 90' lang='lat' dir='ltr'><em>nt</em></span> <span class='ocrx_word' id='word_1_250' title='bbox 900 3442 1022 3526; x_wconf 84' lang='lat' dir='ltr'><em>publico</em></span> <span class='ocrx_word' id='word_1_251' title='bbox 1031 3439 1134 3523; x_wconf 77' lang='lat' dir='ltr'><em>fidelis</em></span> <span class='ocrx_word' id='word_1_252' title='bbox 1145 3437 1254 3523; x_wconf 84' lang='lat' dir='ltr'><em>populi</em></span> <span class='ocrx_word' id='word_1_253' title='bbox 1267 3433 1326 3497; x_wconf 76' lang='lat' dir='ltr'><em>resta</em></span> 
     </span>
     <span class='ocr_line' id='line_1_36' title="bbox 332 3529 1325 3622; baseline -0.01 -26"><span class='ocrx_word' id='word_1_254' title='bbox 332 3536 480 3602; x_wconf 83' lang='lat' dir='ltr'><em>elescroiut</em></span> <span class='ocrx_word' id='word_1_255' title='bbox 496 3565 509 3615; x_wconf 76' lang='lat'><em>5</em></span> <span class='ocrx_word' id='word_1_256' title='bbox 528 3538 653 3622; x_wconf 86' lang='lat' dir='ltr'><em>Capella</em></span> <span class='ocrx_word' id='word_1_257' title='bbox 671 3536 795 3620; x_wconf 81' lang='lat' dir='ltr'><em>pethlica</em></span> <span class='ocrx_word' id='word_1_258' title='bbox 816 3558 897 3614; x_wconf 85' lang='lat' dir='ltr'><em>aero,</em></span> <span class='ocrx_word' id='word_1_259' title='bbox 923 3557 991 3622; x_wconf 76' lang='lat' dir='ltr'><em>quea</em></span> <span class='ocrx_word' id='word_1_260' title='bbox 1007 3535 1075 3598; x_wconf 88' lang='lat' dir='ltr'><em>licet</em></span> <span class='ocrx_word' id='word_1_261' title='bbox 1097 3537 1265 3617; x_wconf 79' lang='lat' dir='ltr'><em>inpressum</em></span> <span class='ocrx_word' id='word_1_262' title='bbox 1280 3529 1325 3589; x_wconf 89' lang='lat' dir='ltr'><em>la-</em></span> 
     </span>
     <span class='ocr_line' id='line_1_37' title="bbox 332 3623 1325 3722; baseline -0.011 -30"><span class='ocrx_word' id='word_1_263' title='bbox 332 3629 397 3722; x_wconf 78' lang='lat' dir='ltr'><em>heat</em></span> <span class='ocrx_word' id='word_1_264' title='bbox 413 3634 445 3694; x_wconf 88' lang='lat' dir='ltr'><em>in</em></span> <span class='ocrx_word' id='word_1_265' title='bbox 458 3634 581 3716; x_wconf 82' lang='lat' dir='ltr'><em>prrhliro</em></span> <span class='ocrx_word' id='word_1_266' title='bbox 603 3637 664 3712; x_wconf 88' lang='lat' dir='ltr'><em>oia,</em></span> <span class='ocrx_word' id='word_1_267' title='bbox 683 3643 814 3695; x_wconf 88' lang='lat' dir='ltr'><em>attamen</em></span> <span class='ocrx_word' id='word_1_268' title='bbox 836 3653 897 3694; x_wconf 81' lang='lat' dir='ltr'><em>reon</em></span> <span class='ocrx_word' id='word_1_269' title='bbox 917 3644 977 3694; x_wconf 83' lang='lat' dir='ltr'><em>tarn</em></span> <span class='ocrx_word' id='word_1_270' title='bbox 1003 3629 1105 3713; x_wconf 76' lang='lat' dir='ltr'><em>fidelis</em></span> <span class='ocrx_word' id='word_1_271' title='bbox 1119 3629 1229 3711; x_wconf 84' lang='lat' dir='ltr'><em>populi</em></span> <span class='ocrx_word' id='word_1_272' title='bbox 1247 3623 1325 3688; x_wconf 80' lang='lat' dir='ltr'><em>libero</em></span> 
     </span>
     <span class='ocr_line' id='line_1_38' title="bbox 331 3713 1325 3811; baseline -0.005 -28"><span class='ocrx_word' id='word_1_273' title='bbox 331 3728 406 3786; x_wconf 85' lang='lat' dir='ltr'><em>usai</em></span> <span class='ocrx_word' id='word_1_274' title='bbox 426 3726 577 3789; x_wconf 78' lang='lat' dir='ltr'><em>destinata</em></span> <span class='ocrx_word' id='word_1_275' title='bbox 601 3727 732 3807; x_wconf 79' lang='lat' dir='ltr'><em>violetur,</em></span> <span class='ocrx_word' id='word_1_276' title='bbox 762 3747 852 3810; x_wconf 81' lang='lat' dir='ltr'><em>qrraru</em></span> <span class='ocrx_word' id='word_1_277' title='bbox 877 3726 1011 3811; x_wconf 84' lang='lat' dir='ltr'><em>aliertjns</em></span> <span class='ocrx_word' id='word_1_278' title='bbox 1036 3723 1179 3808; x_wconf 72' lang='lat' dir='ltr'><em>faenilia,</em></span> <span class='ocrx_word' id='word_1_279' title='bbox 1204 3742 1254 3784; x_wconf 88' lang='lat' dir='ltr'><em>sen</em></span> <span class='ocrx_word' id='word_1_280' title='bbox 1276 3713 1325 3780; x_wconf 84' lang='lat' dir='ltr'><em>rol-</em></span> 
     </span>
     <span class='ocr_line' id='line_1_39' title="bbox 329 3815 644 3897; baseline 0.016 -20"><span class='ocrx_word' id='word_1_281' title='bbox 329 3815 407 3897; x_wconf 76' lang='lat' dir='ltr'><em>lcpe&#39;t&#39;</em></span> <span class='ocrx_word' id='word_1_282' title='bbox 429 3819 644 3882; x_wconf 82' lang='lat' dir='ltr'><em>camrrraditati.</em></span> 
     </span>
    </p>

    <p class='ocr_par' dir='ltr' id='par_1_17' title="bbox 235 3898 1325 4000">
     <span class='ocr_line' id='line_1_40' title="bbox 235 3898 1325 4000; baseline -0.009 -24"><span class='ocrx_word' id='word_1_283' title='bbox 235 3993 238 4000; x_wconf 21' lang='grc' dir='ltr'>Ι</span> <span class='ocrx_word' id='word_1_284' title='bbox 378 3913 495 3990; x_wconf 79' lang='lat' dir='ltr'><em>Qttaest.</em></span> <span class='ocrx_word' id='word_1_285' title='bbox 514 3913 567 3977; x_wconf 88' lang='grc'><em>86.</em></span> <span class='ocrx_word' id='word_1_286' title='bbox 591 3915 645 3976; x_wconf 85' lang='lat' dir='ltr'><em>Aa</em></span> <span class='ocrx_word' id='word_1_287' title='bbox 662 3914 799 3977; x_wconf 84' lang='lat' dir='ltr'><em>Ecclesia</em></span> <span class='ocrx_word' id='word_1_288' title='bbox 817 3913 892 3992; x_wconf 76' lang='lat' dir='ltr'><em>datos</em></span> <span class='ocrx_word' id='word_1_289' title='bbox 918 3911 1071 3975; x_wconf 86' lang='lat' dir='ltr'><em>Titnlnres</em></span> <span class='ocrx_word' id='word_1_290' title='bbox 1092 3909 1200 3972; x_wconf 82' lang='lat' dir='ltr'><em>hahere</em></span> <span class='ocrx_word' id='word_1_291' title='bbox 1216 3898 1325 3991; x_wconf 78' lang='lat' dir='ltr'><em>potest?</em></span> 
     </span>
    </p>

    <p class='ocr_par' dir='ltr' id='par_1_18' title="bbox 330 3999 1324 4186">
     <span class='ocr_line' id='line_1_41' title="bbox 340 3999 1324 4092; baseline -0.012 -24"><span class='ocrx_word' id='word_1_292' title='bbox 340 4011 343 4018; x_wconf 88' lang='lat'>&#39;</span> <span class='ocrx_word' id='word_1_293' title='bbox 376 4006 417 4068; x_wconf 87' lang='lat' dir='ltr'><em>R.</em></span> <span class='ocrx_word' id='word_1_294' title='bbox 435 4006 638 4092; x_wconf 83' lang='lat' dir='ltr'><em>Regulariter</em></span> <span class='ocrx_word' id='word_1_295' title='bbox 653 4028 715 4069; x_wconf 77' lang='lat' dir='ltr'><em>aton</em></span> <span class='ocrx_word' id='word_1_296' title='bbox 735 4007 793 4068; x_wconf 90' lang='lat' dir='ltr'><em>nisi</em></span> <span class='ocrx_word' id='word_1_297' title='bbox 810 4007 922 4070; x_wconf 78' lang='lat' dir='ltr'><em>urricus</em></span> <span class='ocrx_word' id='word_1_298' title='bbox 938 4016 984 4070; x_wconf 89' lang='lat' dir='ltr'><em>est</em></span> <span class='ocrx_word' id='word_1_299' title='bbox 1005 4007 1162 4068; x_wconf 88' lang='lat' dir='ltr'><em>Patronus</em></span> <span class='ocrx_word' id='word_1_300' title='bbox 1180 4023 1235 4066; x_wconf 90' lang='lat' dir='ltr'><em>seu</em></span> <span class='ocrx_word' id='word_1_301' title='bbox 1254 3999 1324 4061; x_wconf 89' lang='lat' dir='ltr'><em>Titu-</em></span> 
     </span>
     <span class='ocr_line' id='line_1_42' title="bbox 330 4089 1324 4186; baseline -0.016 -23"><span class='ocrx_word' id='word_1_302' title='bbox 330 4103 391 4182; x_wconf 89' lang='lat' dir='ltr'><em>lus,</em></span> <span class='ocrx_word' id='word_1_303' title='bbox 409 4101 469 4164; x_wconf 90' lang='lat' dir='ltr'><em>sub</em></span> <span class='ocrx_word' id='word_1_304' title='bbox 495 4101 585 4186; x_wconf 89' lang='lat' dir='ltr'><em>cujus</em></span> <span class='ocrx_word' id='word_1_305' title='bbox 612 4103 739 4166; x_wconf 90' lang='lat' dir='ltr'><em>nominc</em></span> <span class='ocrx_word' id='word_1_306' title='bbox 760 4099 933 4164; x_wconf 73' lang='lat' dir='ltr'><em>aedificatur</em></span> <span class='ocrx_word' id='word_1_307' title='bbox 953 4110 984 4164; x_wconf 90' lang='lat' dir='ltr'><em>et</em></span> <span class='ocrx_word' id='word_1_308' title='bbox 1009 4095 1176 4162; x_wconf 85' lang='lat' dir='ltr'><em>dedicatur</em></span> <span class='ocrx_word' id='word_1_309' title='bbox 1202 4089 1324 4158; x_wconf 87' lang='lat' dir='ltr'><em>Ecclesia</em></span> 
     </span>
    </p>
   </div>
   <div class='ocr_carea' id='block_1_4' title="bbox 0 0 1430 4736">
    <p class='ocr_par' dir='ltr' id='par_1_19' title="bbox 0 0 1430 4736">
     <span class='ocr_line' id='line_1_43' title="bbox 0 0 1430 4736; baseline 0 0"><span class='ocrx_word' id='word_1_310' title='bbox 0 0 1430 4736; x_wconf 95' lang='lat' dir='ltr'><em> </em></span> 
     </span>
    </p>
   </div>
  </div>
 </body>
</html>
