2750 4738
451 287 625 332 aasvtsnu.
992 267 1049 330 115

85 387 275 468 Notandum,
297 385 386 474 quod
402 388 528 473 Duplex
542 385 781 476 quodcumque,
796 389 892 456 otiam
907 390 1048 470 Patroni,

49 484 186 570 otlfituli
211 481 372 563 Ecclesiae,
391 483 443 548 vel
458 479 676 548 Dedicationis
698 481 857 570 ejusdem,
881 505 1051 550 occurrens

48 581 75 643 in
90 578 214 666 Vigiliis
227 575 407 643 Nativitatis
420 575 560 660 Domini,
578 587 609 642 et
624 585 838 656 Pentecostes,
856 578 888 642 in
913 577 965 644 die
981 579 1051 645 Cir-

48 670 252 754 cumcisionis,
281 670 313 734 in
340 667 393 733 die
417 670 536 735 Octava
562 670 760 757 Epiphania,
783 669 922 737 inlleria
937 683 1051 760 quarta

48 766 202 848 Cinerum,
216 785 253 829 ac
265 763 298 827 in
314 772 380 828 tota
396 762 510 849 majori
526 762 750 848 Hebdomada,
767 773 799 828 et
817 764 900 830 infra
915 767 1052 832 Octavus

47 859 179 937 Pasehae,
207 867 240 922 et
259 858 474 937 Pentecostes,
497 857 530 922 in
542 856 736 922 Ascensione
752 857 892 942 Domini,
910 859 943 924 in
957 862 1050 926 Festo

49 953 188 1038 Corporis
210 950 340 1034 Christi,
368 950 401 1015 in
413 953 506 1016 Festo
531 952 766 1040 Assumptionis
791 954 831 1018 B.
846 953 998 1040 Virginis,
1020 966 1052 1021 et
1093 985 1098 992 ·

49 1047 182 1110 omnium
199 1047 402 1129 Sanctorum,
416 1047 618 1112 transfertur.

87 1142 172 1205 Infra
186 1141 341 1206 Octavam
355 1139 541 1226 Epiphaniae
561 1141 597 1206 iit
617 1151 741 1208 tuntum
764 1139 806 1206 de
822 1144 971 1225 Patrono,
1000 1143 1052 1207 vel

49 1237 170 1300 Titnlari
185 1235 345 1315 Ecclesiae,
363 1245 395 1299 et
416 1233 563 1322 ¹ejusdem
577 1236 797 1321 Dedicatione,
815 1259 888 1302 cum
904 1236 1051 1302 Comme-

50 1330 219 1394 moratione
248 1330 398 1398 octava:
427 1331 488 1396 alia
507 1331 601 1398 Peste
622 1333 856 1398 transferuntur
872 1342 943 1420 post
957 1332 1053 1397 Oeta-

50 1447 127 1490 vam.

88 1522 172 1587 lnfra
193 1523 347 1590 Octavam
363 1523 511 1609 Corporis
526 1522 655 1606 Christi,
678 1522 887 1610 Semiduplex
903 1524 1054 1588 transfer-

51 1629 106 1701 tur,
132 1642 238 1704 neque
264 1622 299 1684 lit
325 1619 365 1684 de
380 1621 506 1706 Duplici
532 1623 696 1702 translato,
718 1620 779 1684 nisi
803 1621 844 1686 sit
868 1620 979 1706 prima.
1002 1614 1054 1685 vel

51 1713 189 1778 secundae
200 1714 319 1794 elassis,
337 1712 417 1778 etde
427 1736 477 1798 ea,
490 1736 695 1804 quocumque
707 1713 899 1782 adveniente
914 1715 1052 1800 Duplici,

52 1806 81 1871 lit
102 1807 380 1873 Commemoratio.

89 1902 173 1966 Infra
189 1903 259 1967 illas
273 1902 422 1986 Octavus,
441 1901 474 1965 in
496 1903 613 1989 quihus
637 1905 672 1968 lit
686 1902 728 1968 dc
739 1904 840 1968 Destis
858 1905 1054 1968 occurrenti·

54 1997 117 2076 hus,
135 1997 344 2084 Semiduplex
366 2018 536 2062 occurrens
562 2000 595 2062 in
619 1999 798 2078 Dominica,
815 1999 1005 2062 transfertur
1021 1999 1053 2062 in

56 2092 187 2176 proxime
209 2103 396 2180 sequentem
423 2091 525 2158 diem:
554 2116 625 2182 quae
651 2097 677 2159 si
693 2095 790 2159 fuerit
816 2092 969 2181 impedita
993 2094 1054 2157 alio

54 2187 139 2252 simili
149 2189 254 2270 Festo,
273 2189 463 2253 transfertur
477 2200 548 2274 post
563 2191 729 2258 Octavam.

89 2284 131 2346 De
145 2282 266 2349 Octava
281 2283 459 2348 Natiuitatis
474 2284 614 2370 Domini,
631 2285 829 2371 Epiphaniae,
847 2293 879 2347 et
903 2283 1051 2368 Corporis
1073 2358 1077 2366 Ι

56 2373 172 2457 Christi,
199 2399 326 2464 semper
341 2376 375 2442 lit
390 2377 670 2464 Commemoratio,
689 2398 892 2465 quocumque.
914 2377 1006 2440 Festo
1022 2376 1054 2440 in

56 2467 107 2533 illis
121 2481 321 2535 occurrente.

90 2567 132 2629 De
146 2567 216 2630 aliis
231 2566 369 2650 Octavis,
388 2589 459 2655 ques
480 2588 545 2631 non
560 2577 633 2632 sunt
649 2570 682 2631 in
697 2565 906 2646 Kalendario,
924 2565 1006 2628 nihil
1020 2565 1056 2628 lit

56 2661 167 2727 aleria
182 2672 295 2749 quarta
311 2661 462 2727 Cinerum
474 2683 576 2748 usquo
589 2661 629 2726 ad
645 2662 844 2726 Dominicam
861 2661 893 2723 in
904 2658 1008 2739 Albis,
1024 2667 1056 2722 ct

54 2754 191 2842 aVigilia
207 2759 410 2821 Pentecostes
434 2777 534 2843 usque
557 2753 598 2819 ad
619 2758 748 2821 Festum
764 2754 929 2820 Trinitatis
951 2752 1055 2816 iuclu-

54 2847 121 2927 sivr,
139 2859 169 2913 et
183 2871 201 2912 a
217 2847 271 2912 die
287 2851 327 2914 17
346 2851 533 2915 Decembris
551 2870 652 2937 usque
669 2849 710 2915 ad
721 2847 946 2936 Epiphaniam.

91 2942 159 3006 Dies
184 2944 312 3008 Octava
327 2961 503 3032 numquam
527 2947 738 3010 transfertur:
768 2943 841 3009 ideo
857 2963 1052 3032 quamquam

56 3034 194 3102 Nativitas
209 3039 315 3103 Sancti
335 3040 465 3104 Joannis
496 3041 645 3126 Baptista
666 3061 837 3104 occurrens
853 3040 885 3103 in
901 3037 954 3100 die
976 3036 1053 3101 Cor-

56 3130 130 3212 poris
144 3131 258 3198 Christi
272 3135 479 3200 transferatur
493 3137 527 3199 in
539 3133 625 3200 diem
637 3144 824 3222 sequentem
839 3158 847 3198 :
866 3155 930 3197 non
946 3142 1053 3196 tamen

57 3227 232 3292 transfertur
246 3228 378 3308 Octava,
396 3230 450 3294 sed
468 3229 510 3294 do
534 3252 570 3293 ea
586 3231 621 3294 iit
646 3239 767 3295 tautum
785 3227 1052 3293 Commemoratio

56 3316 82 3380 in
96 3321 199 3388 Officio
216 3322 257 3387 de
273 3324 393 3390 Octava
409 3326 557 3410 Corporis
573 3325 702 3390 Christi.

92 3414 122 3477 Si
136 3431 291 3500 occurrat,
309 3431 343 3485 nt
364 3423 527 3494 Patronus,
553 3422 605 3486 vel
628 3421 750 3484 Titulus
772 3418 919 3482 Ecclesiae
936 3414 1052 3478 descri-

56 3518 116 3589 ptus
130 3511 169 3574 sit
182 3510 297 3576 eodem
313 3511 365 3576 die
378 3515 410 3578 in
426 3514 624 3579 Kalendario
636 3536 709 3579 cum
722 3514 791 3578 aliis
815 3512 949 3591 Sanctis,
964 3512 996 3574 in
1013 3530 1051 3572 ea

55 3601 178 3670 Ecclesia
191 3609 227 3673 lit
241 3618 363 3674 tanturn
377 3608 417 3673 de
430 3614 579 3692 Patrono,
600 3612 652 3675 vel
666 3609 810 3688 Titnlari,
820 3607 940 3693 absque
956 3605 1049 3670 Corn·

57 3703 268 3766 memoratione
281 3704 428 3768 aliorum.
444 3707 508 3787 Qui
527 3705 599 3769 siin
615 3702 699 3768 dieto
715 3699 911 3766 Kalendario
929 3699 1050 3763 descri-

58 3789 94 3874 pti
107 3793 164 3858 sint
177 3798 236 3860 suh
252 3796 363 3862 Officio
377 3801 503 3884 Duplici
518 3801 569 3864 vel
583 3797 803 3883 Semidupliei‚
817 3795 1050 3860 transferuntur

58 3881 83 3944 in
97 3887 223 3969 primam
239 3889 326 3953 diem
339 3891 433 3955 simili
450 3893 560 3958 Officio
583 3913 647 3956 non
675 3888 881 3975 impeditam;
900 3885 986 3951 etde
1004 3887 1049 3950 eis

59 3973 103 4040 fiat
120 3979 260 4047 Officium
277 3985 505 4072 Semiduplex5
521 3973 583 4051 ¹nisi
606 3996 710 4050 tamen
738 3984 801 4048 sint
815 3982 855 4048 de
871 3981 1047 4068 majoribus

59 4068 155 4154 lestis,
171 4077 243 4162 qnia
259 4075 381 4142 tuncde
394 4083 541 4144 translato
551 4100 680 4167 quoque
693 4075 900 4142 fietOfficium
909 4075 1044 4158 Duplex,

62 4183 91 4228 ac
110 4167 132 4230 si
157 4172 282 4256 proprio
306 4171 359 4236 die
385 4174 612 4240 celebraretur.
640 4174 674 4238 Si
688 4193 766 4238 vero
788 4170 820 4234 in
850 4166 1046 4234 Kalendario
