2764 4742
438 285 613 330 eaavraau.
993 263 1033 328 67

70 398 98 461 5.
121 393 287 481 Excipitur
313 392 354 456 ab
380 391 441 456 hoc
468 385 631 454 ordinario
645 385 840 475 Vigiliarum
861 408 933 474 qua.
944 386 1035 474 jeju-

34 502 154 570 nantur,
175 487 295 575 Vigilia
310 488 527 567 Pentecostes,
546 505 617 570 quae
646 501 720 548 cum
745 481 849 547 tribus
866 483 1037 547 Nocturnis

35 588 88 652 sub
103 585 213 650 Officio
229 581 440 669 Semidupliei
452 578 651 656 celebratur,
670 586 705 643 ut
720 576 777 660 ibi;
795 586 828 640 et
842 577 961 663 Vigilia
975 573 1037 642 Na-

39 681 164 746 tiuitatis
176 677 318 758 Domini,
335 697 406 763 quae
421 677 583 752 Nocturna
598 672 700 737 Feriae
713 681 858 757 exeepto,
876 671 910 736 in
925 671 1039 736 Laudi·

36 777 89 840 bus
104 785 136 839 et
149 773 245 839 Horis
258 772 357 838 habet
372 771 534 858 reliquum
551 770 700 835 Officium
712 769 851 854 Duplex.
865 769 901 831 In
914 767 1040 854 Vigiliis

37 893 104 936 vero
125 869 311 956 Epiphaniae
328 877 359 932 et
373 865 588 947 Ascensionis,
608 887 679 951 qum
703 884 768 928 non
779 862 982 950 jejunantur,
1006 863 1041 929 fit

38 967 186 1049 Officium,
198 976 236 1030 ut
252 965 284 1028 iu
301 961 439 1051 propriis
453 961 532 1026 locis
556 967 697 1024 notatur.

351 1195 389 1271 V
387 1193 441 1270 II.
471 1193 526 1270 De
557 1190 719 1268 Oetaeis.

80 1444 110 1505 l.
135 1443 182 1507 De
199 1440 320 1505 Octava
341 1437 376 1502 fit
390 1435 551 1512 Officium,
569 1435 621 1498 vel
637 1434 750 1497 saltem
763 1432 1045 1518 Commemoratio,

42 1534 176 1622 (quando
188 1536 297 1622 aliquo
309 1534 415 1615 Festo,
429 1532 486 1595 nel
503 1529 671 1593 Dominiea
697 1526 887 1614 impeditur)
901 1551 960 1615 per
973 1541 1046 1596 octo

43 1630 103 1695 dics
113 1631 295 1694 continuos.
310 1629 361 1692 Fit
373 1625 414 1690 de
426 1626 545 1691 Octava
560 1625 593 1688 in
605 1623 760 1688 Pascbate
775 1626 1045 1710 Resurrectionis,

45 1726 72 1787 iu
86 1723 279 1788 Ascensione
298 1720 440 1802 Domini,
459 1720 491 1782 in
507 1720 709 1795 Pentecoste,
727 1718 760 1781 in
776 1719 869 1782 Festo
899 1719 1049 1806 Corporis

46 1818 166 1896 Christi,
184 1817 218 1880 in
232 1815 344 1897 Fastis,
358 1813 476 1901 quibus
491 1813 524 1875 in
541 1809 739 1875 Kalendario
767 1812 938 1897 apponitur
953 1813 1049 1878 Octa-

47 1935 80 1976 va
88 1937 96 1995 ;
110 1911 186 1976 item
198 1912 232 1975 in
242 1912 337 1975 Festo
352 1905 570 1972 De'dicationis
579 1907 717 1992 propriae
729 1908 889 1992 Ecclesiae,
904 1909 975 1973 etin
988 1912 1050 1976 Fe·

47 2019 87 2072 sto
100 2008 285 2094 principalis
299 2004 440 2086 Patroni,
456 2013 487 2067 et
502 2002 793 2085 Titularisloci,vel
804 2003 964 2082 Ecclesiae,
974 2015 1006 2070 et
1017 2005 1049 2070 in

48 2104 137 2167 Fastis
152 2104 288 2167 aliorum
301 2103 503 2177 Sanctorum,
520 2119 591 2184 quea
607 2097 693 2184 apud
710 2096 865 2185 quasdam
881 2100 1049 2184 Ecclesias,
1095 2163 1100 2172 ,

49 2197 320 2284 Congregationes,
338 2205 370 2259 et
395 2193 584 2279 Religiones
604 2204 841 2258 consueverunt
866 2196 1051 2260 solemniter

51 2313 115 2356 eum
125 2292 257 2358 Octavis
269 2289 444 2354 celebrari:
460 2289 519 2352 nisi
532 2289 585 2352 ille
597 2290 689 2354 Festa
700 2291 848 2355 venerint
859 2291 890 2353 in
907 2289 1051 2372 Quadra·

51 2388 177 2470 gesima,
206 2407 270 2474 quo
298 2395 442 2470 tempore
468 2383 626 2449 omittitur
647 2385 796 2450 Officium
820 2386 1052 2473 cujuscumque

51 2481 182 2546 Oetavae.
214 2477 310 2561 Quod
326 2481 352 2543 si
368 2477 500 2565 aliquod
530 2480 671 2561 Festum,
690 2478 777 2568 quod
793 2483 949 2546 celebrari
972 2485 1053 2549 solet

53 2594 113 2637 eum
125 2576 258 2657 Octava,
276 2576 372 2660 paulo
389 2584 463 2638 ante
475 2574 761 2662 Quadragesimam
777 2579 915 2658 venerit,
933 2589 965 2642 et
982 2578 1051 2664 jam

54 2689 101 2750 per
114 2671 236 2756 aliquot
259 2667 327 2732 dies
343 2669 465 2732 facum
480 2669 520 2732 sit
535 2669 683 2734 Officium
699 2667 740 2734 de
760 2670 829 2757 ejus
844 2672 977 2753 Octava,
994 2672 1053 2737 ad·

55 2765 191 2829 veniente
218 2762 483 2849 Quadragesima,
516 2765 596 2828 nihil
622 2766 758 2850 amplius
781 2767 816 2830 lit
846 2766 887 2830 de
918 2790 967 2848 ea,
995 2790 1054 2833 neo

54 2858 327 2925 Commemoratio.
352 2862 391 2924 Et
418 2858 505 2922 idem
521 2872 666 2926 servetur
693 2860 734 2924 de
754 2861 882 2927 octavis
912 2863 1054 2929 tiendum

55 2954 208 3039 absolutis,
219 2954 349 3042 quando
363 2957 549 3040 supervenit
564 2958 692 3021 Festum
708 2959 922 3040 Pentecostes,
940 2969 973 3023 ct
987 2957 1056 3024 dies

58 3049 89 3110 17
103 3049 301 3115 Decembris.

93 3146 123 3208 a.
148 3147 186 3212 In
203 3147 330 3212 Pascha
355 3147 627 3229 Resurrectienis,
647 3159 679 3214 et
692 3150 897 3213 Pentecostes
908 3148 1056 3216 Officium

58 3237 174 3306 Octava
189 3244 379 3308 terminatur
394 3245 427 3308 in
443 3244 583 3308 Sabbato
600 3245 746 3332 sequenti
757 3242 797 3308 ad
810 3247 946 3310 Nonam.

93 3336 123 3397 5.
147 3338 235 3401 Infra
250 3337 386 3402 Oetaeas
397 3339 431 3403 fit
447 3338 486 3402 de
498 3339 599 3404 Festis
614 3337 803 3425 Duplicibus
819 3348 850 3403 ot
866 3337 1058 3426 Semidupli·

59 3428 138 3494 cibus
148 3434 404 3512 occurrentibus,
422 3455 458 3497 ae
474 3434 570 3497 etiam
584 3434 755 3514 translatis,
772 3442 808 3497 ut
825 3430 951 3497 dicetur
974 3435 1058 3499 inira

59 3521 314 3592 deTranslatiene
328 3531 505 3610 Fastorum,
522 3550 611 3593 num.
623 3529 654 3609 5,
668 3550 740 3594 eum
751 3528 1059 3594 Commemoratione

60 3617 192 3687 Octava:
218 3626 279 3688 nisi
293 3626 347 3688 illa
361 3626 454 3690 Festa
471 3625 534 3689 sint
549 3623 589 3688 de
602 3625 848 3690 solemnioribus
865 3627 1060 3691 enumeratis

27 3793 30 3800 ἱ
62 3711 242 3803 insequenti
259 3720 402 3784 Rubrica
428 3719 469 3784 de
500 3720 876 3802 commemorationibus,
897 3721 1060 3807 inquibus

63 3811 138 3875 nulla
148 3813 182 3878 fit
194 3814 461 3881 Commemoratio
475 3816 515 3882 de
531 3818 665 3883 Octavat
680 3817 821 3903 exceptis
832 3817 962 3882 Oetavis
974 3819 1060 3884 Nati·

63 3901 166 3988 vitatis,
179 3909 378 3996 Epiphaniae,
396 3922 427 3976 ct
439 3911 588 3997 Corporis
600 3912 730 3996 Christi,
744 3910 784 3975 de
800 3911 919 3999 quibus
929 3912 964 3978 lit
976 3935 1060 3992 sem·

65 3997 395 4089 pchommemoratio,
406 4029 611 4096 quocumque
626 4010 719 4074 Festo
731 4009 764 4071 in
777 4008 839 4072 illis
854 4019 1058 4074 occurrente.

67 4088 140 4155 lnira
150 4096 284 4164 Oetaeas
295 4109 401 4166 autem
414 4104 543 4168 Paschae
557 4113 589 4168 et
599 4106 804 4169 Pentecostes
817 4125 879 4167 non
892 4103 927 4167 lit
939 4100 979 4165 de
988 4105 1061 4168 Fes-

68 4192 92 4246 to
104 4187 215 4277 aliquo,
234 4197 329 4262 etiam
356 4198 524 4286 principali
557 4200 708 4276 Patrono,
738 4200 789 4264 vel
806 4197 925 4263 titulari
943 4198 1054 4262 Eccle-
