2754 4740
355 238 388 276 ltt
411 239 561 280 BUBMGAS
583 237 758 279 enutritur.

72 475 73 478 '
181 472 211 562 ξ.
234 473 270 544 3.
301 473 354 545 Dc
380 472 611 546 Lectionibus
628 473 678 544 od
694 470 928 570 Matutinnm.

449 692 686 780 (rusum).

96 904 127 963 l.
156 903 202 962 De
230 899 339 986 Officio
361 922 467 963 nouem
486 902 672 963 Lectionum.

95 998 217 1059 Novem
234 995 399 1060 Lectiones
413 1016 470 1058 seu
482 1005 545 1058 tres
556 995 734 1057 Nocturnus
746 1013 819 1055 eum
833 990 965 1056 totidem
978 995 1064 1058 lecti·

56 1090 168 1152 onibus
190 1088 310 1153 hahent
323 1089 431 1153 omnia
453 1088 598 1173 Duplicia
614 1097 646 1150 ot
663 1083 903 1170 Semiduplicia,
922 1089 1064 1170 exceptis

55 1184 180 1248 Octaris
195 1184 325 1248 Paschae
341 1193 373 1247 et
386 1185 601 1247 Pentecostes.

97 1280 217 1361 Quaest.
234 1279 288 1341 70.
316 1281 394 1356 Qum
422 1280 574 1340 Lectiones
596 1280 679 1340 sumi
702 1275 806 1338 clcbent
830 1277 861 1336 in
881 1279 982 1358 primo
999 1280 1064 1341 Νο-

56 1371 189 1437 eterno?

94 1470 135 1532 R.
154 1467 320 1530 Lectiones
337 1465 430 1550 primi
447 1465 598 1529 Nocturni
615 1475 689 1528 sunt
701 1484 828 1548 semper
843 1461 883 1527 de
900 1466 1063 1550 Scriptura

55 1583 152 1625 sacra.
172 1560 513 1642 Reperiunturautem
543 1559 710 1621 Lectiones
734 1560 800 1621 istae
831 1560 863 1621 in
894 1560 996 1623 tribus
1014 1560 1064 1623 di-

56 1656 152 1718 rersis
174 1655 250 1718 locis
265 1652 421 1719 Breviarii
437 1675 444 1712 ε
465 1655 496 1715 1⁰
512 1654 544 1715 in
559 1653 697 1735 Proprie
713 1653 749 1715 de
776 1653 931 1735 Tempore,
952 1654 983 1714 in
999 1675 1064 1740 quo

56 1750 124 1812 libri
152 1760 217 1812 tam
238 1748 365 1812 Veteris
386 1768 483 1833 quam
507 1748 588 1812 Novi
614 1747 807 1810 Testamenti
836 1748 881 1809 sic
904 1768 961 1830 per
988 1750 1062 1811 anni

55 1844 206 1906 circulum
227 1841 475 1924 distribuuntur,
493 1853 529 1906 ut
544 1843 655 1905 saltem
673 1842 799 1905 initium
816 1839 972 1924 cujusque
989 1841 1062 1904 libri

55 1941 197 2025 legatur5
216 1940 250 2001 2⁰
265 1939 297 2001 in
310 1940 447 2022 Proprio
471 1940 666 2014 Semnonum,
685 1938 718 1999 5⁰
741 1938 773 1998 in
797 1933 962 1998 Communi
982 1936 1063 1997 Son·

56 2045 181 2096 ciorum.

95 2131 131 2191 In
152 2127 327 2191 Dominicis
354 2123 505 2215 leguntur
525 2128 691 2191 Lectiones
709 2126 750 2189 de
772 2149 861 2192 sacra
885 2127 1061 2211 Scriptura,

54 2233 145 2305 prout
162 2223 193 2283 in
210 2222 344 2305 Proprie
360 2219 401 2285 de
416 2223 572 2306 Tempore
603 2221 665 2283 illis
696 2219 809 2285 diebus
827 2230 998 2285 occurrunt
1013 2221 1062 2280 lc-

54 2315 175 2401 gendae.
366 2325 369 2328 '
524 2328 527 2332 '

93 2413 129 2473 In
144 2411 245 2475 Fastis
258 2413 400 2497 Duplicis
420 2410 549 2498 majoris
577 2411 628 2472 vel
652 2410 772 2473 altioris
794 2412 883 2487 ritus,
906 2408 946 2471 ad
963 2408 1062 2492 majo·

52 2526 115 2568 rem
131 2505 320 2569 eorumdem
336 2506 583 2584 solemnitatem,
603 2505 805 2590 assignantur
820 2505 985 2567 Lectiones
1009 2504 1060 2566 vel

53 2598 197 2682 propriae,
215 2601 266 2662 vel
292 2597 332 2661 de
356 2598 523 2662 Communi
542 2598 742 2678 Sanctorum,
757 2594 844 2681 quod
867 2597 963 2658 ctiam
980 2595 1060 2658 obti-

51 2702 101 2755 net
127 2694 392 2780 quotiescumque
423 2694 550 2781 Festum
580 2690 676 2754 habet
695 2690 914 2774 'Responsoria
932 2690 1060 2772 propria

54 2785 203 2870 inprime
226 2789 400 2851 Nocturno.

90 2881 125 2942 ln
142 2881 243 2943 Fastis
267 2883 347 2945 ritus
371 2880 541 2958 interioris,
567 2880 626 2942 nisi
653 2877 740 2941 aliud
764 2886 901 2953 notetur,
927 2896 1059 2938 sumun-

53 2982 99 3034 tur
110 2975 277 3038 Lectiones
294 2997 333 3038 ex
350 2975 483 3060 Proprie
510 2971 550 3036 de
566 2974 735 3057 Tempore.
755 2973 790 3033 ln
816 2970 865 3032 his
881 2980 986 3032 tamen
998 2969 1058 3031 Fc-

52 3067 112 3144 stis,
141 3069 336 3132 necessitatis
363 3089 457 3132 causa
483 3065 717 3132 recurrendum
742 3077 789 3129 est
815 3063 856 3127 ad
881 3064 1057 3127 Commune

52 3161 248 3243 Sanctorum,
266 3162 395 3248 quando
409 3164 441 3226 in
457 3162 568 3226 Officio
584 3160 624 3234 de
639 3161 796 3244 Tempore
809 3180 872 3220 non
886 3167 1058 3221 occurrunt

49 3253 211 3318 Lectiones
240 3253 281 3318 de
308 3259 484 3342 Scriptura,
501 3255 558 3320 sed
572 3255 613 3318 cle
631 3255 770 3318 Humilia
785 3253 818 3314 in
834 3252 1055 3337 Evangelium,

53 3359 84 3410 ut
99 3350 255 3436 contingit
279 3352 312 3413 in
334 3352 434 3414 Feriis
460 3349 732 3436 Quaslragesimae,
761 3349 905 3426 Quatuor
920 3348 1057 3432 Tempo-

50 3463 127 3523 rum,
145 3444 362 3530 Rogationem
385 3457 416 3510 ct
435 3443 629 3531 quibusdam
651 3442 789 3528 Vigiliis.

89 3536 208 3616 Quaest.
226 3539 279 3600 71.
300 3539 370 3617 Quo
386 3540 492 3603 ordine
518 3543 551 3601 in
573 3541 710 3623 Proprie
727 3538 763 3600 de
781 3539 925 3620 Tempore
948 3537 1056 3599 distri-

49 3628 184 3694 buuntur
203 3631 275 3696 libri
288 3654 383 3696 socrcc
396 3633 566 3717 Scriptores
578 3654 633 3716 per
645 3652 761 3695 onnam
777 3627 928 3714 tependi?
1002 3690 1006 3700 ,
1053 3653 1058 3665 ’

89 3739 130 3799 R.
149 3735 271 3801 Ordine
287 3739 341 3823 qui
357 3738 566 3824 sequentibus
585 3738 732 3802 versibus
754 3735 966 3802 describitur:

90 3832 179 3894 Disce
196 3852 253 3914 per
276 3832 329 3895 boc
354 3837 514 3916 scriptum,
531 3833 607 3919 quid
621 3837 661 3897 sit
680 3834 727 3897 uei
742 3833 864 3919 quondo
880 3833 1053 3918 tepentium.

90 3923 248 3987 Adventus
261 3929 386 4010 proprie
400 3926 468 3990 uult
478 3947 629 3990 sermones
644 3929 745 3991 Isaiae.

91 4021 168 4082 Post
181 4018 292 4081 Nutolc
306 4041 439 4099 socrum,
457 4024 564 4084 recitet
580 4042 669 4096 socru
684 4023 782 4086 Lectio
797 4021 949 4085 Paulum.

95 4115 239 4200 Quinque
256 4113 348 4180 libros
363 4120 464 4200 Mopsi
483 4116 538 4180 tibi
561 4118 676 4200 Septen
705 4116 892 4201 Qriodroque
914 4121 1008 4180 misit.
