2806 4736
551 245 654 293 snm.

93 346 153 407 111.
269 345 316 406 De
332 342 461 408 defectu
478 347 581 428 panis.

93 438 152 503 IV.
270 437 320 524 lte
339 436 468 502 defectu
484 439 561 504 vini.

93 533 137 598 V.
271 533 317 594 De
333 529 512 596 defectibus
530 533 654 599 formae.

94 625 153 696 VI.
269 626 317 689 De
335 624 514 690 defectibus
529 629 676 690 ministri.

95 721 168 788 VII.
271 722 317 784 De
330 720 458 788 defectu
474 724 669 789 intentionis.

95 816 184 882 VIII.
268 818 314 879 De
329 815 508 882 defectibus
521 817 735 903 dispositionis
755 822 881 886 animm.

94 908 154 972 IX.
272 909 318 971 De
333 907 512 974 defectibus
532 909 745 996 dispositionis
761 910 915 996 corporis.

95 1003 138 1066 X.
273 1003 318 1066 De
335 999 513 1070 defectibus
529 1005 562 1068 in
577 1006 752 1070 ministerio
774 1006 844 1091 ipso
862 1023 984 1068 occur-

315 1097 470 1161 rentibus.

418 1461 801 1558 QUAESTIONES

341 1698 382 1760 sn
407 1695 613 1760 nuumms
636 1695 865 1762 unuvmnn.

118 1910 122 1926 ’
187 1918 393 1986 Prooemium.

154 2186 157 2190 ·
282 2153 397 2224 Suemo
415 2154 446 2223 I.
467 2193 516 2210 -
533 2153 590 2224 De
616 2124 760 2250 Officio¹
780 2149 925 2223 divino.

186 2374 234 2437 De
257 2373 369 2437 Officio
391 2373 500 2438 divino
522 2373 656 2460 ejusque
681 2374 847 2438 divisione.

188 2468 235 2530 De
260 2467 370 2530 Festis.

187 2563 234 2626 De
260 2562 446 2627 Dominicis.

190 2657 237 2720 De
261 2658 370 2721 Feriis.

188 2753 235 2826 De
259 2752 393 2837 Vigiliis.

186 2848 234 2911 De
257 2849 396 2913 Octavis.
497 2896 500 2902 ·
840 2909 841 2912 ,

187 2940 234 3003 De
254 2940 365 3006 Officio
389 2942 421 3004 S.
449 2944 555 3005 Mariae
579 2937 789 3005 inSabbato.

1074 2655 1117 2718 15

1073 2752 1117 2814 14

1025 2845 1118 2908 ‘15

1014 2937 1116 3030 ¹1⁷

119 3160 233 3234 Ssuno
255 3161 306 3234 ΙΙ.
328 3203 375 3213 -
395 3161 450 3234 De
468 3161 718 3234 Occurrentia
743 3171 778 3230 et
803 3159 1093 3234 Concurrentia.

190 3388 236 3450 De
254 3384 418 3451 effectibus
435 3387 660 3458 Occurrentiae.

191 3481 362 3562 Quodnam
387 3480 536 3546 Officium
557 3483 649 3548 alteri
673 3477 909 3566 preferendum
933 3481 983 3546 sit.

189 3577 236 3640 De
258 3577 634 3642 Commemorationibus
706 3583 707 3586 ’

190 3670 286 3740 Casus
299 3672 525 3740 Occurrentiae.

189 3764 235 3827 De
261 3765 466 3827 translatione
490 3774 521 3828 et
544 3765 718 3828 mutatione
742 3762 919 3826 Festorum.

189 3859 237 3922 De
259 3857 423 3922 effectibus
445 3858 692 3923 Concurrentiae.

190 3953 236 4015 De
260 3953 390 4037 Regulis
413 3953 445 4016 in
469 3953 698 4018 Concurrentia
721 3951 898 4020 servandis.

1062 3386 1116 3450 ·18

1074 3481 1117 3543 19

1074 3575 1117 3638 22

1074 3668 1117 3731 24

1074 3761 1115 3824 28

1074 3849 1196 3918 55·

1074 3949 1118 4012 st
