2806 4736
328 227 392 292 108
628 293 632 301 ,
740 245 932 292 eumsrtonss

327 349 510 435 requirunt.
521 346 601 409 ltem
614 344 647 406 in
661 344 775 408 Officio
786 345 933 410 laudum
947 357 978 412 et
990 348 1205 434 Vesperarum
1217 351 1342 435 quando

327 444 516 510 solemniter
531 439 692 504 dicuntur.
703 438 825 505 Eodem
841 444 944 507 utitur
958 443 1108 507 assistens
1124 443 1298 508 celebranti
1313 448 1341 508 in

329 541 425 604 Missa
455 534 642 623 pontificali.
672 536 752 598 ltem
779 535 911 622 quando
938 537 1106 602 celebrans
1130 548 1201 622 post
1220 539 1341 604 Missam

326 634 559 699 Defunctorum
576 629 653 692 lacit
665 629 696 691 in
714 629 776 692 fine
788 631 1046 696 Absolutionem.
1393 657 1394 706 t

373 728 452 792 Cum
469 724 636 789 celebrans
649 724 750 788 utitur
765 727 917 804 Pluviali,
932 747 1059 812 semper
1085 724 1218 811 deponit
1243 727 1339 790 Mani·
1393 725 1394 746 l

327 825 453 911 pulum,
472 829 504 884 ct
519 820 575 883 ubi
590 819 738 883 Pluviale
752 820 865 884 baberi
882 843 947 885 non
963 832 1079 907 petest,
1097 821 1130 885 in
1146 819 1340 885 benedictio-

326 918 423 982 nibus
438 936 509 1002 qnae
521 913 601 978 fiunt
613 911 645 973 in
663 913 767 994 altari,
776 913 943 978 celebrans
959 924 1020 978 stat
1034 915 1102 977 sine
1115 915 1259 997 Planeta,
1272 934 1336 977 eum

326 1012 408 1078 Alba
423 1020 454 1074 ct
469 1009 568 1073 Stola.
587 1007 662 1090 (Tit.
680 1006 745 1088 xix,
762 1028 796 1069 n.
811 1009 831 1070 5
848 1017 879 1072 ct
891 1009 938 1092 4).

370 1106 488 1186 Quoest.
507 1101 582 1166 net.
611 1101 670 1161 Dic
691 1099 877 1184 penetraliter
901 1101 1098 1187 quandonam
1123 1100 1271 1165 sitandam
1300 1103 1335 1164 sit

323 1201 424 1266 Stolo.

367 1297 410 1361 R.
428 1294 524 1356 Juxta
547 1287 714 1352 decretum
740 1290 891 1374 generale
914 1289 948 1352 S.
973 1290 1013 1354 R.
1031 1289 1066 1353 C.
1093 1291 1113 1352 7
1145 1289 1336 1376 Septembris

321 1391 422 1468 1816,
438 1385 662 1450 indumentum
676 1382 760 1447 istud
772 1382 971 1448 sacerdotale
983 1382 1158 1449 adhibetur
1169 1395 1291 1449 tantum
1306 1384 1335 1445 in

324 1482 495 1548 collatione
511 1489 543 1542 ct
557 1478 756 1541 confectione
771 1488 1059 1562 sacramentorum,
1071 1488 1103 1542 et
1112 1479 1145 1540 in
1158 1498 1335 1546 sacramen-

322 1577 442 1642 talibus
458 1575 505 1637 uti
521 1582 595 1637 sunt
607 1570 861 1636 benedictiones.

367 1672 436 1734 Non
453 1676 557 1754 potest
573 1666 671 1752 igitur
687 1667 732 1730 uti
749 1668 834 1730 Stola
852 1687 958 1753 neque
986 1665 1271 1747 hebdomadarius,
1288 1688 1336 1729 ne-

320 1788 388 1853 quc
404 1763 574 1850 parochus,
592 1782 697 1847 neque
713 1762 794 1824 alius
807 1763 838 1824 in
854 1761 1008 1845 vesperis
1020 1762 1155 1848 aliisque
1167 1763 1275 1841 Horis,
1289 1761 1334 1826 rel

324 1860 356 1922 in
373 1859 443 1922 aliis
459 1855 678 1920 functionibus
694 1877 752 1938 pro
768 1856 886 1940 quibus
897 1856 1049 1919 Rubricae
1066 1858 1188 1921 Stolam
1212 1878 1275 1920 non
1292 1876 1334 1918 re·

324 1953 467 2038 quirunt,
491 1958 525 2011 ut
548 1949 668 2033 pluries
692 1946 897 2012 decrevitS.
925 1950 968 2014 R.
997 1950 1033 2013 C.
1058 1951 1276 2036 Perperam
1254 1950 1335 2013 enim
1394 2027 1395 2032 ἵ

324 2045 442 2110 dicitur
455 2045 575 2108 Stolam
592 2064 660 2106 esse
672 2043 799 2130 signum
811 2041 1059 2129 jurisdictionis,
1088 2066 1162 2109 eum
1188 2047 1229 2110 sit
1245 2044 1335 2111 vestis

324 2140 473 2204 omuibus
488 2135 708 2201 sacerdotibus
724 2138 915 2202 communis.
1394 2179 1395 2202 t

366 2235 516 2299 Attamen
528 2229 646 2294 delatio
658 2233 753 2296 Stolae
767 2255 916 2298 concessa
928 2235 1001 2318 fuit,
1012 2257 1076 2300 non
1089 2247 1194 2302 tamen
1207 2235 1335 2300 univer·
1394 2235 1395 2306 l

323 2330 450 2394 salitert
463 2325 498 2392 '1⁰
510 2327 669 2412 parochis,
687 2325 818 2412 quando
834 2327 1036 2414 colleptoltter
1049 2329 1224 2395 incedunt
1216 2352 1250 2394 tn
1265 2347 1336 2414 pro
1393 2327 1395 2386 l

323 2424 532 2504 cessionibus,
549 2432 584 2491 ut
601 2442 713 2484 eorum
737 2423 909 2508 collegium
930 2446 948 2488 a
970 2425 1093 2489 caeteris
1109 2423 1151 2488 de
1164 2426 1250 2488 clero
1278 2419 1335 2483 dis-

322 2519 498 2604 tinguatur.
516 2516 550 2578 ⁰2⁰
565 2514 726 2599 Capeliani
750 2517 846 2579 etiam
867 2518 914 2581 uti
936 2529 1068 2604 possunt
1091 2521 1190 2597 Stolo,
1208 2514 1335 2605 quando

322 2634 395 2678 eum
420 2610 486 2675 suis
500 2610 816 2675 confraternitatibus
834 2611 987 2678 incedunt
1008 2614 1040 2677 in
1066 2613 1333 2700 processionibus.

322 2707 356 2768 5⁰
370 2705 537 2770 Existimat
552 2702 758 2770 Gardellinus
776 2727 870 2770 nsum
887 2709 983 2773 Stolae
999 2710 1190 2795 permissum
1205 2731 1275 2773 esse
1289 2729 1334 2770 sa-

317 2799 507 2864 cerdotibus
522 2797 733 2864 adorantibus
748 2802 806 2864 SS.
826 2803 1080 2881 Sacramentum,
1105 2805 1181 2890 quia
1197 2801 1291 2866 decet
1304 2802 1334 2862 in

322 2897 446 2960 actione
458 2916 529 2981 quae
543 2895 647 2957 Deum
661 2894 846 2962 immediate.
859 2898 1002 2983 respicit,
1016 2908 1051 2961 ut
1066 2895 1215 2961 sacerdos
1231 2915 1334 2960 coram

320 2990 366 3052 Eo
379 2989 503 3053 assistat
517 3010 555 3052 ea
566 2999 654 3054 veste
666 2988 809 3069 indutus,
823 3014 890 3077 quw
901 3004 945 3056 eat
958 2991 1056 3056 veluti
1068 2992 1170 3078 formu.
1183 2993 1278 3056 totius
1288 3011 1334 3054 or·

321 3081 634 3146 notuseacerdotulis.
652 3083 687 3145 4⁰
701 3081 753 3146 Ad
770 3082 918 3167 dubium,
946 3106 1025 3149 num
1040 3082 1192 3148 sacerdos
1210 3083 1333 3148 concio-

322 3172 429 3239 nando
452 3174 607 3240 adbibere
623 3174 741 3242 debeat
764 3179 897 3262 Stolam,
926 3177 1092 3266 rospondit
1118 3179 1153 3242 S.
1178 3181 1220 3244 ll.
1245 3178 1281 3241 C.
1297 3175 1334 3239 11

321 3268 512 3335 Novembris
526 3270 624 3347 1851,
648 3270 841 3336 servandam
859 3294 927 3336 esse
943 3272 1236 3346 immemorabilem
1259 3290 1333 3334 eon·

320 3362 537 3429 suetudinem.
555 3363 670 3445 Quoad
686 3364 818 3440 modum
835 3366 993 3431 induendi
1008 3368 1142 3449 Stolam,
1160 3362 1334 3429 notandum
1395 3359 1396 3364 ’

320 3469 380 3540 est,
397 3456 486 3545 quod
500 3459 598 3522 solius
614 3458 655 3524 sit
678 3461 827 3548 Episcopi
856 3464 977 3528 Stolam
1001 3471 1126 3549 gestare
1142 3458 1335 3546 pendentem

319 3555 361 3619 ab
384 3565 522 3641 utroque
552 3555 690 3618 humero
714 3557 836 3643 absque
859 3580 898 3622 eo
921 3554 1008 3644 quod
1025 3556 1163 3643 Cingulo
1184 3556 1334 3640 religetur

319 3658 393 3712 aute
405 3659 516 3734 pectus
529 3648 560 3712 in
578 3649 710 3714 modum
726 3654 842 3734 erucis,
860 3653 903 3717 eb
914 3653 1072 3717 rationem
1092 3649 1202 3715 Crucis
1227 3658 1333 3734 pecto·
1395 3653 1396 3680 ¹

318 3745 394 3808 ralis
406 3767 502 3830 quam
514 3746 662 3832 Episcopi
675 3768 770 3833 supra
782 3747 898 3814 Albam
908 3747 1077 3812 deferunt·
1068 3746 1250 3832 ,simplices
1260 3761 1332 3809 vero

309 3836 501 3904 rsacerdotes
514 3842 634 3905 Stolam
650 3864 748 3928 super
758 3842 875 3909 Albam
891 3865 1019 3929 semper
1033 3843 1066 3905 in
1068 3795 1214 3906 'modum
1232 3837 1330 3903 erucis

318 3929 446 3994 deferre
455 3931 587 3999 debent
593 3937 718 4001 Dicitur
728 3960 825 4025 super
836 3940 950 4006 Albam
955 3938 1081 4024 q,uiasr
1073 3935 1330 4021 Superpellieeo

306 4022 505 4186 eppduantur,
516 4028 603 4094 Stola
614 4032 754 4121 religari
756 4043 829 4128 ante
841 4045 951 4121 peetus
964 4053 1028 4097 uon
1039 4040 1154 4167 potest,
1166 4028 1328 4094 deficiente

344 4121 454 4206 iugulo
