2754 4740
294 168 356 232 188
537 186 573 230 on
595 188 772 232 resecemus
795 189 829 232 rr
851 189 1078 234 ennrrnnrroren

292 311 395 368 sacco,
413 309 468 352 seu
485 286 614 370 alterius
625 286 852 372 distillationis,
868 289 1034 356 conficitur
1045 291 1273 370 Sacramentum,

292 384 349 450 sed
364 382 534 450 conficiens
551 384 694 469 graviter
709 393 831 467 peceat.

335 479 367 543 5.
395 478 427 542 si
443 476 609 540 celebrans
624 475 986 542 anteConsecretionem
998 477 1178 564 Sanguinis,
1189 500 1278 564 quam·

291 563 340 638 uis
355 582 426 659 post
450 570 728 636 Consecrationem
752 569 912 656 Corporis,
935 571 1082 638 advertat
1105 584 1159 637 aut
1175 575 1279 656 uinum,

291 676 346 734 aut
362 687 492 753 aquam,
517 673 572 728 aut
587 672 760 750 utrumque
776 685 841 729 non
856 687 923 731 esse
940 667 972 730 in
989 666 1107 749 catice,
1124 667 1216 732 debet
1229 677 1281 734 sta·¹

291 763 348 828 tim
364 779 526 846 opponere
552 758 664 824 uinum
688 780 762 824 cum
787 780 883 846 aqua,
909 771 942 825 et
968 761 1052 826 facta
1079 762 1233 827 oblatione
1254 773 1283 826 ut

291 877 398 942 supra,
436 873 634 942 consecrare,
667 853 851 938 incipiendo
883 855 1013 920 abillis
1048 857 1166 938 verbis,
1195 857 1287 922 Sinite¹

290 952 391 1033 modo,
409 961 464 1016 ete.

334 1047 367 1111 4.
393 1044 426 1108 Si
449 1052 520 1129 post
536 1041 637 1106 uerba
659 1041 914 1108 Consecrationis
936 1044 1084 1112 advertat
1105 1047 1215 1111 vinum
1229 1068 1283 1110 non

290 1139 387 1204 fuisse
402 1138 557 1224 positum,
570 1133 626 1200 sed
638 1156 755 1221 aquam
764 1160 774 1220 3
789 1134 934 1222 deposita
946 1161 1029 1225 aqua
1041 1140 1074 1203 in
1087 1139 1215 1226 aliquod
1226 1161 1288 1216 ras,

289 1234 406 1298 iterum
431 1232 543 1296 vinum
567 1249 640 1293 oum
663 1250 747 1314 aqua
769 1241 865 1314 ponat
886 1230 919 1296 in
942 1231 1059 1312 Colice,
1078 1246 1111 1299 et
1124 1241 1287 1310 consecret,

288 1321 482 1394 resumendo
499 1344 517 1386 a
532 1323 640 1388 verbis
655 1321 825 1407 praedictis,
843 1325 949 1389 Stmttt
963 1327 1063 1408 modo,
1082 1340 1139 1392 ete.

334 1420 367 1483 5.
392 1419 425 1482 st
441 1418 502 1482 hoe
518 1413 665 1482 advertat
681 1427 753 1502 post
769 1419 983 1502 sumptionem
1000 1419 1161 1506 Corporis,
1179 1425 1226 1487 vel
1239 1423 1296 1486 hu·

258 1545 261 1550 ·
285 1511 428 1602 jusmodi
448 1532 538 1598 aquae
552 1534 561 1591 3
585 1521 725 1597 apponat
751 1511 846 1576 aliam
872 1513 1016 1579 Hostium
1044 1516 1162 1581 iterum
1189 1538 1295 1582 eonse-

184 1535 453 1748 AEerandam,
465 1604 503 1672 ‘et
518 1607 630 1671 vinum
646 1627 719 1671 cum
735 1627 817 1692 aqua
845 1607 878 1669 in
904 1606 1022 1687 Colice,
1047 1609 1161 1674 offerat
1176 1621 1296 1676 utrum·

290 1726 365 1792 que,
383 1714 415 1768 et
430 1712 594 1768 consecret
606 1712 638 1765 et
655 1712 770 1782 sumat,
788 1702 935 1787 quamvis
945 1723 1009 1767 non
1022 1705 1060 1768 sit
1066 1703 1212 1790 jejunus.
1225 1707 1297 1782 Vel,
1369 1741 1370 1770 n

289 1801 315 1863 si
342 1800 435 1864 Missa
452 1797 632 1862 celebretur
655 1797 687 1860 in
710 1798 781 1860 loco
805 1797 948 1881 publico,
967 1797 1024 1862 ubi
1050 1801 1160 1883 plures
1183 1799 1295 1881 adsint,
1369 1807 1370 1842 ³

289 1892 330 1957 ad
355 1890 541 1959 evitandum
562 1887 749 1954 scandalum
776 1891 893 1975 poterit
913 1912 1074 1976 opponere
1095 1893 1206 1958 vinum
1225 1917 1298 1960 eum

288 2009 383 2074 equa,
402 1998 433 2051 et
448 1987 532 2050 lacta
554 1984 715 2048 oblatione
740 1994 775 2048 ut
796 2005 903 2071 supra,
928 2006 1126 2066 consecrare,
1143 1990 1300 2053 aestatim

289 2102 427 2161 sumere,
446 2091 477 2144 et
492 2079 642 2165 prosequi
659 2087 777 2142 cetera.

334 2177 364 2239 6.
391 2176 423 2238 st
454 2176 526 2262 quis
550 2175 706 2259 percipiat
732 2184 804 2238 ente
832 2174 1123 2258 Consecrationenr‚
1152 2179 1204 2241 vel
1222 2168 1301 2263 ‘post

288 2269 577 2351 Consecrationem,
596 2279 696 2333 totum
712 2270 824 2334 uinum
838 2291 906 2334 esse
922 2280 1061 2352 aeolum,
1075 2274 1128 2336 vel
1139 2273 1216 2336 alias
1227 2293 1302 2336 cor-

287 2375 430 2450 ruptum,
448 2364 535 2428 idem
550 2373 696 2428 servetur
710 2363 798 2448 quod
820 2385 927 2450 supra,
945 2385 982 2429 ac
998 2365 1024 2429 si
1040 2364 1304 2452 deprehenderet

287 2480 352 2523 non
365 2480 433 2522 esse
448 2459 586 2544 positum
598 2459 708 2522 vitrum
725 2460 776 2522 vel
792 2460 891 2524 solum
907 2479 1025 2544 aquarn
1054 2461 1153 2526 fuisse
1175 2461 1305 2546 apposi-

287 2552 402 2618 tamin
420 2552 535 2618 Colice.

331 2649 366 2713 7.
392 2649 425 2712 Si
455 2658 562 2713 autem
585 2648 751 2715 celebrans
777 2659 850 2713 ente
880 2648 1162 2714 Consecrationem
1186 2649 1306 2714 Calicis

288 2740 435 2808 advertat
450 2763 514 2806 non
525 2742 623 2807 luisse
644 2743 821 2827 appositam
836 2764 965 2828 aquarn,
983 2743 1088 2806 statim
1100 2753 1199 2828 ponat
1215 2764 1302 2825 eam,
1368 2781 1369 2802 2

288 2846 320 2899 et
335 2836 477 2922 proteret
492 2836 589 2901 verba
603 2836 866 2900 Consecrationis.
885 2836 917 2900 si
931 2834 963 2898 id
980 2835 1127 2900 advertat
1138 2846 1210 2922 post
1220 2835 1306 2900 Con·

288 2930 496 2993 secretionem
513 2929 637 3008 Calicis,
656 2926 849 2992 nullomodo
861 2939 1012 3014 apponet,
1026 2931 1102 3016 quia
1117 2953 1182 2994 non
1199 2940 1248 2994 est
1261 2929 1306 2995 de

288 3024 474 3086 necessitate
491 3024 699 3088 Sacramenti.

333 3117 365 3179 8.
390 3117 423 3184 si
439 3119 583 3201 materia,
604 3139 674 3204 quse
690 3125 772 3179 esset
785 3115 990 3201 apponenda,
1016 3117 1138 3180 ratione
1154 3115 1308 3182 delectus

288 3213 340 3274 vel
355 3212 457 3296 panis,
474 3213 527 3277 vel
542 3211 620 3293 vini,
645 3233 708 3275 non
724 3220 830 3294 posset
851 3213 918 3274 ullo
945 3211 1041 3280 modo
1065 3211 1199 3292 haberi;
1217 3211 1245 3274 si
1270 3211 1304 3275 id

287 3307 327 3370 sit
343 3316 415 3369 ante
436 3305 713 3370 Consecrationem
736 3304 895 3389 Corporis,
923 3307 1058 3370 ulterius
1079 3303 1212 3391 procedi
1237 3327 1308 3370 non

288 3399 407 3465 debet:
425 3401 450 3464 si
467 3409 538 3485 post
553 3398 830 3468 Consecrationem
847 3397 1007 3484 Corporis,
1025 3410 1080 3464 aut
1104 3399 1202 3462 etiem
1218 3399 1306 3481 uini,

287 3493 541 3581 deprehenditur
556 3491 699 3558 deiectus
725 3492 855 3556 alterius
870 3495 1000 3578 speciei,
1020 3496 1118 3558 altera
1130 3493 1201 3578 jam
1228 3515 1309 3560 con·

286 3600 418 3670 secreta,
437 3598 513 3652 tuno
527 3589 553 3650 si
575 3590 663 3652 nullo
679 3584 775 3651 modo
798 3585 911 3650 haberi
927 3590 1036 3673 possit,
1054 3585 1306 3674 procedendum

286 3683 360 3760 erit,
377 3693 409 3746 et
423 3682 517 3744 Missa
532 3679 739 3758 absolvenda,
758 3681 802 3743 ita
818 3690 936 3759 tamen,
962 3693 998 3746 ut
1014 3681 1309 3767 praetermittantur

284 3775 385 3840 verba
401 3785 431 3839 et
455 3775 555 3859 signa,
581 3797 651 3862 quae
667 3775 828 3860 pertinent
850 3773 891 3836 ad
913 3776 1053 3860 speeiem
1077 3772 1305 3844 deficientem.
1367 3789 1368 3850 l

285 3867 418 3949 Quodsi
431 3867 627 3952 expectando
644 3865 830 3956 aliquandiu
845 3867 959 3932 haberi
982 3871 1092 3955 possit,
1119 3882 1307 3955 expectan-

193 3972 201 3990 “
285 3960 363 4027 dum
375 3963 446 4045 erit,
465 3984 504 4026 ne
521 3963 716 4028 Sacrificium
731 3972 895 4026 remaneat
910 3964 1145 4049 imperfectum.
