2750 4738
337 269 401 336 tan
769 293 927 340 ausaren-

381 394 412 457 l.
438 390 542 460 Viridi
556 394 663 457 colere
675 393 776 458 utitur
790 395 831 460 ab
846 396 963 463 Octava
977 399 1163 485 Epiphania
1178 423 1274 488 usque
1294 400 1326 465 ad

336 487 609 574 septuagesimam
624 508 633 550 ε
650 497 682 553 et
697 488 739 552 ab
753 490 872 556 Octava
884 493 1087 558 Pentecostes
1101 515 1203 582 usque
1223 495 1262 560 ad
1274 493 1328 562 At-

335 593 469 648 vcntum
485 583 657 663 exclusive,
676 583 708 646 in
723 583 836 649 Officio
851 583 892 650 de
907 588 1074 673 Tempore,
1092 601 1226 674 excepta
1236 592 1328 656 Douri-

336 679 406 741 nica
431 676 604 755 Trinitatis,
634 687 799 763 utsupra,
831 701 868 744 ac
894 682 1035 768 exeeptis
1062 683 1238 750 Dominicis
1258 685 1328 748 inlra

333 774 470 839 Octavus
483 771 737 848 occurrentibus,
763 773 796 840 in
819 775 936 862 quibus
958 777 1045 840 color
1066 776 1260 844 Octararum
1275 800 1329 841 ser·

335 877 446 950 vatur3
466 866 606 951 exceptis
617 869 713 930 etiam
725 868 864 954 Vigiliis,
877 880 909 934 et
920 869 1065 952 Quatuor
1075 873 1331 958 Temporibus‚ut

335 961 430 1026 iufra.¹

376 1058 409 1121 5.
434 1058 585 1124 Violaoeo
600 1059 707 1122 colore
723 1057 825 1122 utitur
838 1078 857 1120 a
872 1058 975 1143 prima
992 1059 1157 1123 Dominica
1173 1058 1329 1126 Adventus

333 1152 365 1214 in
381 1151 492 1237 primis
515 1151 664 1237 Vesperis
686 1173 788 1238 usquo
810 1150 851 1216 ad
875 1153 1003 1216 Missam
1018 1153 1145 1238 Vigiliae
1160 1155 1329 1220 Nativitatis

331 1246 458 1310 Domini
475 1247 646 1312 inclusive:
666 1257 726 1310 eta
738 1248 978 1332 Septuagesima
993 1267 1094 1333 usque
1109 1247 1150 1311 ad
1163 1249 1328 1313 Sabbatum

330 1351 475 1406 sanctum
490 1351 563 1406 ante
579 1341 705 1406 Missam
729 1340 895 1424 inclusive,
912 1343 944 1406 in
960 1342 1070 1408 Officio
1094 1341 1135 1406 dc
1156 1345 1327 1429 Tempore:

330 1446 463 1522 excepta
476 1437 565 1504 Faria
576 1437 688 1523 quinta
700 1438 732 1501 in
745 1438 839 1501 Coena
854 1438 990 1517 Domini,
1001 1439 1033 1502 in
1045 1458 1109 1525 qua
1119 1439 1224 1504 utitur
1236 1437 1327 1503 Albo:

330 1538 362 1592 et
373 1531 464 1595 Faria
475 1541 563 1595 sexta
575 1531 609 1594 in
620 1532 807 1609 Parascevc,
821 1531 854 1593 in
865 1553 929 1618 qua
941 1533 1042 1597 utitur
1056 1533 1167 1620 Nigro,
1183 1544 1219 1597 ut
1230 1533 1325 1596 inira:

327 1624 599 1690 otBonodictione
614 1628 698 1690 cerci
708 1627 739 1689 in
751 1626 892 1691 Sabbato
907 1638 1028 1706 sancto,
1043 1627 1075 1691 in
1087 1649 1150 1715 qua
1164 1626 1324 1705 diaconus,

326 1721 412 1783 illius
436 1721 658 1786 Praelatiouem
681 1720 801 1800 diceus,
825 1722 911 1785 solus
934 1721 1034 1786 utitur
1048 1720 1151 1786 Albo:
1169 1745 1207 1786 ea
1224 1732 1321 1787 autern

326 1814 425 1893 finita,
442 1815 592 1881 Violacco
605 1823 640 1877 ut
656 1815 753 1899 prius.
769 1816 850 1878 Item
866 1815 897 1878 in
911 1815 1027 1901 Vigilia
1043 1816 1249 1881 Pentecostos
1260 1826 1324 1879 aute

328 1909 466 1988 Missam,
480 1931 497 1972 a
510 1909 611 1993 prima
622 1909 797 1994 ,Prophetia
815 1932 917 1996 usquc
934 1908 974 1974 ad
985 1907 1250 1976 benedictionem
1266 1911 1324 1974 lon·

326 2004 366 2066 tis
386 2004 552 2069 inclusive.
576 2005 612 2067 ln
637 2005 783 2086 Quattuor
806 2004 1027 2088 Temporibus,
1057 2014 1089 2068 ct
1114 2006 1244 2093 Vigiliis
1264 2026 1326 2090 quae

321 2101 523 2188 jejunantur,
540 2101 680 2185 exceptis
691 2099 819 2184 Vigilia,
834 2110 866 2164 et
877 2100 1021 2181 Quatuor
1032 2101 1244 2184 Temporibus
1255 2102 1325 2164 Pen-

325 2205 472 2262 tecostes.
490 2195 526 2258 ln
542 2195 636 2258 Missa
651 2194 848 2259 litaniarum
863 2194 895 2257 in
913 2192 965 2258 die
981 2196 1087 2259 Sancti
1107 2196 1207 2259 Marci
1230 2197 1326 2260 Evau-

325 2291 457 2377 gclistae,
482 2300 513 2354 et
532 2289 761 2376 Rogationum,
790 2301 821 2354 et
845 2289 877 2352 in
903 2288 1165 2353 Prooessionibus
1190 2311 1262 2376 quae
1284 2286 1325 2350 tis

323 2386 438 2450 diebus
452 2383 543 2448 fiunt.
561 2385 598 2446 ln
610 2385 691 2448 festo
703 2384 760 2448 SS.
786 2383 1019 2460 Innocentium,
1038 2381 1168 2467 quando
1186 2405 1251 2446 non
1273 2402 1324 2446 ve-

325 2483 407 2546 nerit
430 2481 463 2543 in
488 2479 666 2542 Dominica.
694 2481 731 2542 ln
751 2477 981 2543 Benedictionc
997 2477 1206 2542 candelarum
1224 2478 1257 2541 in
1279 2473 1323 2537 die

321 2572 553 2640 Purificatiouis
573 2574 679 2636 Beatae
695 2573 812 2654 Mariae,
831 2584 861 2635 et
877 2573 907 2634 in
923 2569 1153 2638 Benedictione
1169 2571 1321 2646 cinerum,

319 2693 357 2736 ac
372 2671 561 2754 palmarum,
578 2676 611 2729 et
626 2668 658 2731 in
675 2667 741 2751 ipsa
754 2668 917 2730 Dominica
927 2666 959 2729 in
973 2666 1099 2745 Paleis,
1115 2675 1147 2729 et
1159 2666 1191 2728 in
1205 2684 1322 2730 earum·
1362 2693 1363 2696 ¹

321 2763 408 2841 dem,
426 2785 463 2826 ac
477 2762 670 2850 generalitor
684 2764 716 2825 in
733 2762 882 2826 omnibus
897 2759 1178 2842 Processiortihus3
1192 2756 1324 2842 exceptis
1362 2721 1363 2807 i

320 2856 579 2925 Processionibus
595 2857 790 2932 sanctissimi
807 2854 1014 2932 sacramenti,
1040 2865 1071 2919 et
1096 2875 1168 2941 quae
1192 2854 1274 2916 liunt
1294 2851 1321 2913 iu

319 2951 434 3016 diebus
448 2950 653 3030 solemnibus,
671 2952 723 3014 vel
746 2973 802 3036 pro
818 2952 991 3038 gratiarum
1014 2949 1152 3013 actione.
1171 2949 1207 3010 ln
1227 2943 1321 3010 Missis
1361 2955 1362 3037 p

319 3046 360 3109 dc
385 3046 535 3110 Passieno
563 3044 703 3122 Domini,
730 3067 787 3130 pro
814 3065 1016 3131 quacumque
1044 3043 1244 3124 necessitato,
1269 3059 1321 3124 pro

318 3140 469 3224 peccatis,
487 3161 524 3204 ac
536 3139 760 3224 postulandam
775 3140 909 3226 gratiam
921 3139 1004 3202 bene
1021 3135 1191 3217 moriendi,
1206 3135 1248 3202 ad
1264 3134 1320 3199 tol·
1360 3201 1361 3206 η

317 3233 448 3299 lendum
478 3234 625 3312 schisma,
656 3244 766 3298 contra
787 3235 943 3320 Paganos,
976 3231 1241 3317 tomporobelli,
1269 3247 1319 3313 pro
1360 3223 1361 3265 t

279 3356 281 3360 ·
317 3349 407 3413 paee,
425 3326 627 3412 pensitanda
643 3328 847 3410 mortalitate,
865 3349 923 3414 pro
939 3327 1000 3391 iter
1015 3325 1197 3412 agentibus,
1215 3335 1248 3390 et
1267 3343 1319 3410 pro

317 3423 462 3486 infirmis.
1359 3437 1360 3495 t

361 3519 392 3582 6.
417 3517 514 3603 Nigro
534 3518 641 3581 colore
663 3515 766 3581 utitur
780 3517 871 3581 Faria
888 3526 977 3582 sexta
993 3516 1026 3581 in
1040 3517 1231 3593 Parascevc,
1248 3523 1279 3577 ct
1291 3511 1320 3573 in

317 3609 465 3673 omnibus
478 3609 597 3674 Officiis
611 3617 643 3672 et
658 3608 690 3672 iu
707 3609 808 3675 Missis
823 3610 1067 3675 Deiunotorum.

460 3822 579 3900 XIX.
599 3826 654 3900 De
670 3828 847 3920 qualitate
863 3824 1186 3902 Paromeatorum.

358 4080 388 4143 l.
414 4079 450 4141 ln
474 4075 586 4141 Officio
614 4077 715 4146 Missa*
735 4079 900 4146 celebrans
925 4100 1051 4165 semper
1073 4079 1174 4147 utitur
1190 4079 1314 4142 Planeta

312 4195 409 4265 super
423 4171 549 4240 Albam.

1346 4439 1355 4701 4
