2806 4736
324 163 365 226 68
656 171 660 180 ’
722 181 914 230 oumsrrours

199 353 206 359 ,
324 286 401 369 108)
416 289 460 349 sio
475 284 625 348 ordinato
645 296 719 348 sunt
734 277 768 348 nt
781 285 916 370 sinpulis
937 288 1035 350 Fen'is
1050 285 1254 350 Hebdomada
1269 307 1318 348 unu

323 380 370 444 nel
385 380 482 443 altero
497 379 695 443 determinate
711 379 945 464 correspondeat
961 381 980 444 Ρ

365 480 407 544 R.
422 479 474 542 Sio
493 475 646 541 ordinatae
663 487 737 540 sunt
758 488 794 541 ut
809 477 1002 564 quibusdam
1023 482 1055 544 in
1072 483 1208 562 casibus,
1224 483 1252 545 iu
1263 483 1317 545 Ru-

321 572 411 637 brica
433 573 494 635 Tit.
509 572 565 649 IV,
585 592 618 633 n.
632 571 653 633 5
669 571 837 655 expressis,
851 571 1018 660 suffragari
1032 577 1154 660 possint
1171 597 1229 660 pro
1241 575 1317 638 Missa

322 665 544 744 Conventueli,
569 684 639 749 quae
656 664 732 727 alias
748 663 882 729 deberet
906 687 974 731 osso
1001 670 1174 733 conformis
1198 669 1314 745 Officio;

321 761 377 824 sed
393 763 427 823 in
443 761 547 822 Missis
559 761 704 842 privatis,
717 768 752 822 ut
760 759 865 844 pergit
875 760 1030 845 Rubrioa,
1048 763 1110 832 hoc
1126 773 1173 826 ost
1186 764 1217 825 in
1234 760 1317 824 Missis

321 876 386 917 non
402 853 685 936 Conventualibus,
703 853 765 917 iltae
780 856 884 917 Missoe
910 867 937 918 et
959 878 1062 921 omnes
1077 857 1148 921 atta
1161 857 1194 922 V
1192 860 1274 920 otiuoe
1284 854 1316 916 de

322 949 456 1031 Sanctis,
474 958 536 1011 ete.
555 947 616 1010 disi
625 959 820 1032 possuntpro
833 947 961 1014 arbitrio
974 951 1178 1030 sacerdotum,
1192 969 1316 1037 quocun-

320 1064 377 1128 que
395 1042 443 1106 dio
466 1040 611 1128 Officium
626 1053 749 1105 nonest
777 1042 902 1126 Duplex
927 1057 981 1108 aut
1005 1047 1178 1124 Dominiso,
1199 1055 1234 1108 ut
1248 1043 1316 1107 iufra

321 1141 544 1227 explicabitur.

1134 1253 1141 1286 i

577 1327 606 1419 ξ.
629 1327 664 1398 2.
686 1325 742 1400 De
762 1324 896 1403 Votiois
905 1333 1080 1427 priuatis.

537 1548 611 1632 (ui.
631 1547 686 1629 ru,
706 1547 943 1627 v11-1x‚xu
960 1551 1108 1633 esxur).

363 1762 481 1843 Quaest.
516 1759 591 1823 111.
617 1758 671 1820 An
694 1759 848 1839 sacerdos,
869 1781 929 1844 pro
950 1761 1040 1826 libitu
1066 1785 1123 1827 suo
1142 1777 1239 1848 potest
1252 1788 1317 1852 quo·

318 1861 502 1941 tiesoumqne
533 1851 677 1940 Officium
703 1875 765 1917 non
796 1866 840 1919 est
863 1855 985 1939 Duplex
1000 1868 1056 1920 out
1069 1860 1241 1940 Dominioo,
1253 1860 1316 1924 cole-

318 1953 407 2019 brono
432 1951 466 2015 V
465 1945 605 2029 atinam?

360 2049 403 2113 R.
427 2045 582 2125 Rubrioa,
613 2044 678 2109 Tit.
710 2043 767 2126 lV,
795 2065 828 2107 n.
843 2045 875 2128 5,
896 2045 1007 2110 Missas
1036 2046 1170 2112 Votivas
1192 2049 1316 2134 privatas

317 2138 536 2208 sacerdotibus
552 2138 645 2202 certis
657 2137 772 2201 diebus
790 2137 973 2226 indulgens,
1001 2136 1108 2202 addit:
1127 2141 1160 2204 id
1174 2163 1241 2206 uero
1251 2163 1316 2226 pos·

317 2240 375 2303 sins
391 2257 453 2302 non
467 2233 536 2320 fiat,
550 2234 614 2296 nisi
627 2232 808 2323 rationabili
818 2233 853 2296 de
871 2255 976 2317 conso,
992 2244 1019 2298 et
1034 2235 1138 2319 quood
1151 2236 1222 2321 fieri
1230 2248 1316 2322 potest

315 2334 413 2397 Misso
429 2351 497 2394 oum
514 2326 624 2415 Officio
641 2330 811 2406 conueniat,
822 2328 863 2391 ob
880 2328 1019 2392 rationes
1042 2339 1155 2414 quaest.
1173 2332 1233 2395 tot
1247 2333 1315 2395 alla·

314 2438 374 2493 tas.
394 2428 495 2491 Causa
509 2423 709 2508 rationabilis
725 2421 766 2486 ad
781 2424 901 2488 licitam
931 2423 1056 2491 Votivae
1080 2425 1313 2491 celebrationem
1386 2401 1387 2488 l

316 2530 464 2586 censetur
474 2520 527 2583 vel
538 2517 708 2582 necessitas
724 2516 843 2603 aliqua,
857 2519 910 2582 vel
926 2517 1027 2603 pietas
1042 2519 1190 2602 specialis
1203 2521 1315 2586 Missam

314 2616 455 2702 petentis
468 2624 522 2678 aut
543 2612 746 2694 celebrantis,
764 2622 826 2676 etc.

192 2723 196 2731 '
359 2710 478 2791 Quaest,
507 2707 583 2772 115.
612 2706 732 2786 Quibus
759 2707 863 2771 diebus
894 2706 1041 2772 celebrari
1065 2723 1197 2794 possunt
1225 2708 1315 2774 Misso

282 2798 286 2807 ’
317 2803 436 2868 Votiooe
448 2799 613 2888 privatae?
886 2809 889 2814 '

359 2900 401 2963 R.
418 2899 542 2964 Votivoe
554 2897 685 2981 privatae
700 2895 764 2959 dici
773 2909 906 2981 possunt
918 2919 1107 2985 quocumque
1119 2899 1168 2963 die
1185 2899 1314 2987 Officium

315 3012 377 3055 non
392 3002 435 3055 est
445 2989 570 3073 Duplex
583 3002 638 3053 out
651 2992 826 3070 Dominioo,
854 2993 959 3080 inquit
981 2994 1125 3060 Rubriea
1136 2996 1199 3060 Tit.
1215 2995 1264 3076 IV,
1281 3016 1309 3057 n.

315 3089 354 3169 53
377 3082 435 3150 sed
456 3094 529 3149 sunt
551 3095 703 3168 praeterea
725 3086 779 3149 alii
802 3085 871 3151 dies
897 3089 1074 3174 inquibus,
1091 3090 1314 3156 licetOfficium

316 3202 380 3247 non
397 3180 437 3245 sit
451 3181 588 3266 Duplex,
606 3181 819 3266 prohihentur
834 3193 942 3248 temen
952 3183 1077 3251 Votivae
1099 3185 1143 3250 ob
1160 3184 1313 3272 privilegiu

315 3275 382 3341 istis
397 3273 511 3340 diebus
525 3294 544 3336 a
556 3272 706 3338 Rubrieis
721 3296 881 3342 concessa.
908 3278 990 3341 Sunt
1004 3288 1113 3343 autem
1142 3289 1313 3366 sequentes:

359 3372 403 3434 κ’.
427 3368 555 3434 Oetavae
570 3367 779 3453 privilegiatae
808 3371 988 3437 Natiuitatis
1021 3374 1163 3456 Domini,
1186 3374 1315 3460 Epipha-

314 3466 387 3548 uiae,
403 3465 545 3542 Pasohae,
561 3463 765 3527 Pentecostos
780 3475 812 3530 et
835 3466 983 3553 Corporis
999 3466 1128 3551 Christi,

360 3568 405 3626 2⁶.
428 3559 520 3623 Feria
536 3559 580 3625 lv
594 3557 761 3641 Cinerum,

358 3656 405 3718 5⁰.
430 3651 733 3718 toufles-domata
749 3666 869 3733 sancta,

358 3750 404 3812 4⁰.
421 3747 547 3834 vigitiae
576 3748 714 3835 majores
741 3750 920 3817 Natiuitatis
936 3752 1079 3834 Domini,
1095 3751 1272 3838 Epiphaniae
1285 3757 1317 3811 et

313 3845 528 3908 Pentecostes.
719 3848 722 3853 “

358 3938 477 4018 Quaest.
506 3937 581 4001 116.
605 3938 660 4001 An
677 3935 745 4003 licet
767 3938 915 4004 celebrare
932 3941 1078 4006 Votienus
1094 3964 1127 4006 eo
1146 3943 1266 4026 clinum
1279 3937 1314 4021 fit

316 4031 460 4121 Officium
475 4030 559 4097 illius
574 4033 694 4114 Sancti,
713 4036 749 4098 de
764 4057 823 4120 qno
836 4037 870 4100 V
868 4039 950 4101 otivn
962 4037 1091 4102 dicando
1106 4033 1208 4104 esset?
