2750 4738
472 203 648 248 unsrrnnrr.
1023 191 1065 254 99

100 310 129 372 6.
152 310 331 372 Sumuntur
342 317 448 372 autern
459 305 677 394 Responsoria
692 325 732 369 ex
743 325 782 370 eo
794 307 876 390 loeo,
891 307 947 372 ubi
960 312 1064 396 primo

62 413 124 467 sunt
135 405 247 489 posita,
265 404 298 467 in
313 403 470 490 principio
487 402 616 482 mensis,
631 403 682 467 vel
696 401 797 480 Libri,
818 411 850 466 et
872 415 1065 489 repetuntur

65 499 91 560 in
102 499 167 562 aliis
178 499 387 586 sequentibus
400 496 575 562 Dominicis
586 497 670 560 illius
682 496 811 579 mensis,
827 496 858 560 in
874 499 991 585 quibus
1002 503 1064 568 alia

64 615 117 656 non
133 583 350 680 assignantur,
385 593 433 657 rel
456 590 560 657 donee
575 590 616 654 de
632 591 687 654 illo
710 590 807 654 Libro
827 593 956 678 legitur,
976 596 1062 662 uode

62 697 173 772 sumpta
195 699 268 752 sunt
282 688 510 774 Responsoria.
529 687 607 768 Quae
623 696 730 750 autem
752 686 785 750 in
808 688 911 772 prima
930 689 1064 756 Hebdo-

62 781 274 846 madamensis
290 783 391 868 posita
413 792 488 847 sunt
511 802 569 867 per
590 781 709 863 Ferias,
735 792 926 867 repetuntur
948 783 1062 852 eodem

62 875 164 941 ordine
176 878 210 940 in
221 876 343 942 eisdem
354 877 454 942 Feriis
466 898 523 963 per
533 886 703 964 sequentes
713 875 952 958 Hebdomadas,
960 877 1063 947 donec

61 972 114 1035 alia
129 981 298 1058 ponantur.
316 971 379 1036 Ubi
394 992 471 1038 vero
499 991 563 1034 non
579 969 695 1034 adsunt
713 971 855 1056 propria,
880 993 1007 1060 semper
1022 997 1062 1042 ox

62 1067 221 1131 Nocturnis
235 1066 409 1130 Dominioae
424 1074 596 1130 sumuntur
610 1062 697 1129 dicto
713 1063 839 1129 ordine.

99 1163 129 1226 7.
153 1162 187 1226 Si
210 1162 425 1248 Responsoria
444 1160 540 1247 primi
563 1159 716 1224 Nocturni
738 1159 808 1246 ejus
824 1162 1010 1250 Domioieae,
1029 1170 1061 1233 in

61 1277 116 1342 qua
129 1258 416 1342 primopouuntur,
429 1265 560 1342 propter
573 1255 701 1318 Festum
714 1255 840 1340 Duplex
855 1256 888 1321 in
905 1279 942 1324 ea
954 1283 1062 1328 occur·

61 1374 135 1432 rens,
151 1353 185 1417 in
199 1354 267 1438 ipsa
287 1353 452 1416 Dominiea
468 1351 544 1438 poni
557 1351 764 1435 nonpossint,
783 1363 942 1434 ponantur
958 1359 1062 1443 prima

61 1445 106 1510 die
121 1447 189 1534 ejus
206 1445 436 1526 Hebdomades,
454 1446 486 1509 in
508 1465 572 1532 qua
594 1446 733 1509 occurrit
755 1445 824 1510 lieri
848 1445 888 1510 de
909 1451 1012 1534 Ferio,
1031 1464 1063 1519 et

62 1543 237 1608 omittantur
248 1544 321 1622 alia,
338 1564 409 1630 quae
428 1541 509 1606 forte
526 1540 558 1603 in
576 1539 630 1602 illa
642 1538 735 1603 Feria
750 1541 880 1625 propria
903 1541 1063 1611 haheren-

62 1647 116 1701 tnr.
133 1637 165 1703 Si
181 1660 258 1704 vero
275 1639 308 1701 in
319 1648 384 1704 tota
396 1631 607 1700 Hebdomada
619 1655 683 1698 non
698 1644 845 1699 occurrat
857 1632 937 1720 dies,
952 1639 983 1704 io
996 1662 1061 1728 quo

62 1731 109 1796 fiat
122 1733 160 1796 de
171 1734 276 1811 Faria,
293 1734 349 1797 illa
362 1729 577 1817 Responsoria
596 1730 953 1817 ponanturinsequenti
973 1735 1062 1800 Heb-

60 1823 197 1908 domada,
222 1829 274 1892 vel
296 1826 462 1890 Dominica
491 1823 638 1887 similiter
653 1843 717 1885 nou
733 1819 899 1907 impedita,
918 1835 951 1890 et
966 1824 1062 1892 dum·

63 1919 148 1985 modo
161 1922 194 1984 in
218 1941 255 1985 ea
281 1921 344 1986 alia
358 1918 574 2004 Responsoria
600 1939 664 1982 uon
691 1918 753 1984 sint
777 1920 882 2003 primo
899 1921 1059 2007 ponenda3

64 2014 193 2101 alioquin
208 2036 246 2079 eo
259 2037 343 2079 anuo
358 2014 557 2078 omittantur.
581 2012 795 2098 Responsoriu
812 2014 918 2097 etiam,
934 2037 1004 2103 quae
1028 2019 1061 2082 in

64 2109 210 2196 aliquibus
228 2111 328 2174 Feriis
345 2132 403 2196 por
418 2105 665 2172 Hebdomadam
692 2107 862 2186 habentur,
882 2109 906 2172 si
932 2132 970 2174 uo
993 2110 1058 2192 dio,

64 2224 119 2289 quo
137 2205 238 2290 posita
260 2214 344 2283 sunt,
359 2226 422 2267 non
438 2212 570 2288 possunt
585 2201 649 2266 dici
665 2213 798 2288 propter
809 2204 937 2268 Festum
954 2227 1062 2270 occur·

63 2319 136 2380 rens,
153 2321 216 2363 non
237 2309 310 2364 sunt
332 2295 552 2364 transferenda
575 2298 608 2361 in
634 2297 729 2361 aliam
756 2295 855 2372 diem.
885 2298 943 2362 sed
970 2300 1061 2365 omit·

67 2399 175 2457 tantur.

101 2488 129 2550 8.
151 2487 305 2573 Tempore
320 2443 599 2571 Paschali,infine
611 2485 818 2573 Respoosorii
831 2487 1055 2556 anteversum

67 2577 183 2646 additur
197 2581 348 2669 Alleluja.

87 2823 269 2902 XXVIII.
290 2828 344 2903 De
361 2827 620 2929 Responsoriis
638 2829 807 2904 brevitas
825 2825 1033 2904 Horarum.

106 3054 133 3118 l.
158 3057 367 3142 Responsorio
398 3058 510 3126 brevia
534 3056 687 3124 dicuntur
708 3065 779 3143 post
802 3055 996 3142 Capitulum,
1020 3052 1061 3118 ed

68 3149 204 3231 Primam,
230 3154 381 3236 Tertiam,
399 3155 528 3220 Sextum
545 3165 576 3219 et
592 3153 728 3236 Nonam,
757 3163 789 3217 et
814 3149 856 3216 ad
879 3151 1061 3235 Completo-

69 3243 151 3327 rium,
174 3257 384 3336 praeterquam
405 3250 438 3314 io
453 3249 572 3316 Triduo
596 3259 669 3315 ante
684 3249 805 3314 Pascha
821 3268 922 3335 usque
939 3243 980 3311 ad
997 3247 1061 3310 No-

69 3359 133 3404 nam
147 3342 274 3408 sabbati
297 3345 331 3406 in
348 3343 439 3410 Albis
465 3345 632 3428 inclusive,
656 3343 772 3431 quibus
797 3341 911 3407 diebus
931 3362 996 3405 non
1011 3338 1062 3403 di-

70 3444 182 3500 ountur.
197 3436 249 3501 Ad
263 3439 417 3524 Primam,
441 3450 472 3505 et
497 3440 747 3526 completorium
767 3458 896 3524 sempor
911 3433 1063 3499 dicuntur

71 3526 170 3594 rodem
191 3531 298 3610 modo,
317 3544 352 3597 ut
379 3535 410 3598 io
432 3537 599 3600 Psalterio.
618 3537 653 3599 lo
677 3535 746 3598 aliis
760 3532 868 3616 Horis,
884 3527 1014 3618 quando
1027 3528 1063 3593 fit

70 3621 202 3690 Officium
215 3625 255 3691 de
271 3629 450 3714 Dominioa,
463 3633 516 3697 vel
529 3631 622 3696 Feria
638 3649 843 3716 perannum,
860 3623 1012 3690 dicuntur
1027 3634 1063 3687 ut

71 3717 214 3786 habentur
229 3725 261 3787 in
276 3727 441 3790 Psalterio.
455 3728 492 3790 In
504 3726 653 3794 Adventu
662 3735 782 3804 autem,
796 3719 1061 3806 Quadragesima,

71 3812 209 3900 Tempore
235 3820 405 3902 Passionis,
423 3831 454 3884 et
470 3822 627 3904 Paschali,
654 3829 691 3884 ut
713 3819 777 3883 suis
799 3816 879 3880 loeis
900 3815 1063 3880 habentur

73 3911 196 3993 propria.
211 3915 247 3976 ln
258 3916 359 3980 Festis
370 3915 527 4000 similiter,
537 3913 665 4005 qnando
675 3911 908 3978 nonhaltentur
920 3908 1060 3996 propria,

74 4000 208 4068 dicuntur
220 4019 256 4072 ut
269 4011 299 4072 in
317 4009 482 4074 Communi
495 4012 697 4076 Sanctorum.

110 4098 139 4161 i.
163 4101 196 4165 ln
211 4101 272 4168 fine
287 4105 609 4191 Responsoriibreris
627 4102 860 4171 dieiturGloria
872 4098 971 4182 Patri,
988 4117 1061 4162 oum
