2794 4728
412 307 586 351 ammanus
609 304 756 348 ursssms.
1031 283 1094 350 tto

84 421 298 495 praeterquam
324 409 356 473 in
385 408 479 472 Missa
505 407 713 488 Litaniarum,
742 416 774 470 et
800 405 1027 491 Rogationurn.
1056 406 1091 468 ln

83 506 178 568 Festo
195 504 252 570 SS.
273 503 445 567 Trinitatis.
464 504 500 566 ln
519 502 611 566 chto
626 501 774 586 Corporis
796 499 924 565 Christi.
948 501 984 563 In
1000 501 1092 564 Festo

83 595 199 660 Cordis
209 597 298 659 Jcsu.
311 598 349 659 In
360 597 452 660 Festo
468 595 768 682 Transfigurationis
782 595 923 660 Domini.
940 597 976 660 In
993 594 1093 660 chtis

83 694 194 756 Beatae
208 691 316 755 Marias
328 690 482 777 Virginis,
496 700 708 776 praeterquam
725 689 756 752 in
772 687 1000 754 Benedictiono
1016 710 1093 753 oan-

82 782 233 848 delarum
250 794 281 848 et
296 784 511 870 processione,
536 805 607 870 qua
630 783 665 848 lit
690 785 722 848 in
745 783 838 847 Festo
859 783 1093 848 Purifioationis

82 876 245 962 ejusdem.
262 878 299 940 In
321 878 421 942 Fastis
435 877 644 964 Angelorum.
673 879 708 941 In
727 877 895 942 Nativitate
910 879 945 942 S.
961 878 1092 942 loannis

82 972 247 1056 Baptistae.
262 973 298 1035 In
314 972 478 1057 principali
490 973 582 1036 Festo
595 971 628 1034 S.
637 970 995 1056 JoannisEvangelistoe,
1005 970 1092 1057 quod

82 1069 268 1131 celebratur
282 1066 363 1130 inira
379 1067 531 1133 Octavam
554 1065 733 1130 Natiuitatis
749 1065 889 1128 Domini.
905 1067 943 1128 In
957 1075 1092 1152 utroquo

83 1161 245 1226 Cathedra
267 1162 301 1226 S.
317 1162 416 1225 Petri.
433 1164 468 1224 In
483 1163 575 1225 Festo
588 1161 621 1224 S.
639 1159 725 1223 Petri
740 1156 780 1221 ad
796 1159 943 1225 Vincula.
961 1159 997 1222 In
1014 1157 1093 1222 Con·

83 1257 234 1319 versione
249 1257 283 1320 8.
296 1257 399 1320 Pauli.
409 1257 446 1320 Iu
457 1256 549 1320 Festo
565 1254 707 1317 omnium
723 1254 923 1318 Sanctorum.
942 1254 979 1317 In
994 1251 1093 1318 Festis

82 1349 312 1413 Confessorum
322 1349 523 1431 Pontificum,
533 1359 564 1414 et
575 1368 639 1412 non
650 1347 851 1427 Pontificum,
862 1357 895 1413 st
905 1349 1091 1412 Doctorum.

83 1444 123 1504 In
137 1442 238 1506 Fastis
252 1443 438 1506 Sanctarum
449 1443 619 1529 Virgiuum
632 1462 694 1505 uon
711 1442 896 1527 Martyrum,
907 1452 940 1506 et
951 1463 1009 1508 nse
1022 1442 1093 1509 Vir·

81 1538 201 1622 ginum
229 1558 289 1600 nco
311 1538 495 1622 Martyrum.
520 1539 556 1599 In
579 1534 781 1600 dedicatione
805 1547 838 1600 ct
857 1539 1093 1602 consecratione

83 1631 231 1695 ecclesias
245 1633 297 1696 vel
309 1631 427 1712 altaris,
438 1653 474 1695 ac
485 1631 518 1695 in
530 1631 768 1695 consecratione
783 1631 905 1695 Summi
921 1631 1093 1713 Pontifiois,

82 1735 119 1788 et
136 1727 169 1788 in
185 1726 402 1790 anniversario
416 1726 598 1808 creationis,
615 1735 647 1788 ct
662 1725 875 1789 coronationis
890 1723 1046 1810 ejusdem,
1064 1737 1096 1790 et

83 1821 267 1902 electionis,
285 1830 317 1883 et
331 1819 577 1884 consecrationis
599 1819 758 1904 Episcopi.
782 1820 862 1882 Item
889 1841 945 1904 per
959 1819 1095 1884 Octavus

84 1911 314 1999 praedictorum
330 1915 508 1992 Festorum,
523 1935 593 2000 quta
607 1914 742 1978 Octavus
757 1914 888 1993 habent,
906 1912 1034 1998 quando
1050 1912 1096 1978 di·

84 2011 175 2072 citur
196 2009 289 2072 Missa
314 2008 354 2072 de
380 2010 511 2091 Octava,
531 2018 562 2072 et
583 2009 614 2071 in
631 2008 804 2072 Dominicis
820 2007 901 2070 inira
916 2029 969 2071 eas
984 2029 1096 2072 occur·

85 2104 247 2186 rentibus,
261 2102 389 2190 quando
406 2105 438 2168 in
455 2105 500 2168 eis
512 2105 545 2168 fit
559 2103 705 2167 Officium
718 2101 758 2165 de
770 2102 953 2184 Dominioa3
971 2113 1097 2187 praeter·

85 2219 187 2282 quam
204 2198 235 2260 iu
253 2197 314 2261 illis
329 2199 513 2277 Dominicis,
532 2197 648 2284 quibus
673 2194 810 2261 tributus
825 2207 872 2261 est
887 2199 974 2262 color
987 2198 1097 2265 Viola-

85 2294 229 2356 cousin
247 2293 347 2356 Missis
359 2294 474 2358 votivis
490 2290 745 2377 supradictorum
758 2292 923 2373 festorum,
942 2312 1097 2378 quocum-

86 2406 154 2470 que
170 2395 312 2468 ternpore
329 2383 494 2465 dicantur;
513 2395 545 2449 ct
560 2384 591 2447 in
609 2385 702 2446 Missa
719 2405 776 2468 pro
792 2405 907 2468 sponso
924 2393 955 2447 et
969 2405 1095 2469 sponsa.

132 2479 167 2540 5.
192 2477 307 2542 Rubeo
331 2481 437 2542 colore
453 2480 555 2542 utitur
570 2499 588 2541 a
604 2478 722 2562 Vigilia
738 2480 941 2544 Pentecostes
957 2479 988 2540 in
1006 2479 1098 2544 Missa

85 2593 193 2658 usque
217 2571 257 2636 ad
281 2573 457 2637 Sabbatum
480 2594 617 2659 sequens
639 2573 727 2635 finita
755 2574 845 2636 Nona
869 2581 900 2635 et
924 2573 1029 2635 Missa.
1062 2575 1097 2635 ln

85 2668 191 2730 Fastis
207 2667 329 2730 Sancta.
347 2667 456 2731 Crucis
478 2678 511 2731 et
530 2666 745 2751 pretiosissimi
773 2665 942 2751 Sanguinis
957 2666 1096 2730 Domini.

87 2764 126 2824 In
154 2761 371 2824 Decollationo
387 2763 494 2827 Sancti
517 2761 648 2825 Joannis
672 2762 833 2844 Baptistae.
852 2761 888 2822 Iu
911 2760 1013 2823 Natali
1040 2761 1097 2824 SS.

86 2856 315 2941 Apostolorum
332 2857 417 2921 Petri
433 2867 465 2920 et
480 2857 583 2934 Pauli,
602 2866 634 2919 ct
649 2856 681 2918 in
697 2855 796 2919 Festis
813 2855 948 2918 aliorum
962 2854 1099 2938 Aposto-

89 2954 197 3013 lorum
213 2951 368 3036 (excoptis
383 2951 475 3014 Festo
491 2949 658 3035 principali
675 2949 781 3012 Sancti
807 2948 938 3012 loannis
953 2950 1100 3036 Evangc-

88 3046 172 3108 listae
182 3055 251 3128 post
263 3045 469 3118 Nativitatem
480 3044 620 3124 Domini,
631 3054 663 3106 st
674 3043 774 3107 Festis
786 3043 1008 3108 Conversionis
1019 3045 1100 3109 Sau-

90 3141 135 3202 cti
148 3139 250 3216 Pauli,
263 3147 296 3201 et
310 3137 476 3203 Cathedrra
492 3138 597 3203 Sancti
613 3137 713 3214 Petri,
731 3148 763 3201 et
778 3137 848 3223 ejus
861 3138 1097 3224 vinculorum).

90 3234 127 3296 In
144 3233 236 3295 Festo
253 3231 359 3296 Sancti
371 3233 501 3296 loannis
513 3242 586 3296 ants
597 3240 723 3315 portam
734 3230 891 3294 Latinam.
905 3233 941 3293 In
955 3231 1099 3296 Comme·

89 3328 268 3391 moratione
296 3327 402 3391 Sancti
428 3327 519 3389 Pauli
546 3325 702 3410 Apostoli.
728 3325 765 3387 In
790 3325 889 3388 Festis
912 3324 1097 3410 Martyrum,

88 3431 224 3505 excepto
240 3421 333 3484 Festo
349 3422 536 3484 Sanctorum
549 3419 770 3483 Innocentium
782 3417 910 3503 quando
923 3438 987 3481 non
1002 3441 1098 3484 vene·

88 3518 133 3580 rit
149 3515 182 3577 in
198 3515 384 3579 Dominica:
410 3516 435 3577 si
460 3525 567 3578 autern
591 3513 623 3576 in
646 3512 811 3577 Dominica
837 3512 972 3591 venerit,
999 3514 1100 3577 utitur

87 3609 225 3676 Rubeo:
244 3609 276 3672 in
293 3607 363 3694 ejus
386 3630 463 3674 vcro
487 3607 539 3671 dic
562 3617 673 3670 octava
696 3627 824 3690 semper
849 3607 947 3671 utitur
969 3605 1095 3689 Rubeo,

88 3725 294 3792 quocumque
310 3702 363 3766 dio
379 3713 535 3766 occurrat.
560 3704 595 3764 ln
611 3701 710 3764 Fastis
727 3702 912 3764 Sanctarum
927 3700 1098 3786 Virginum

89 3791 279 3882 Martyrum,
297 3807 328 3860 ct
344 3799 518 3883 Martyrum
542 3817 605 3857 non
629 3794 812 3878 Virginum.
837 3795 916 3857 Item
934 3815 991 3879 por
1007 3794 1098 3859 Oeta·

90 3913 148 3958 vas
161 3888 385 3975 praedictorum
397 3891 573 3969 Festorum,
591 3909 661 3973 quae
672 3887 952 3975 uenationem,
969 3886 1098 3973 qnando

89 3989 127 4052 fit
141 3983 183 4048 de
200 3985 331 4064 Octava,
355 3996 387 4050 et
409 3987 442 4047 in
465 3983 638 4048 Dominicis
658 3983 742 4045 infra
761 4002 819 4045 cas
834 3983 969 4046 Octavas
984 4003 1097 4047 occur-

92 4079 249 4160 rentibus,
259 4077 372 4144 codem
386 4075 661 4157 modo,uldiotum
672 4085 719 4139 cst
726 4095 821 4159 supra
833 4074 873 4138 dc
884 4077 989 4140 coloro
999 4075 1095 4142 Albo.

90 4178 175 4240 Item
188 4175 219 4235 in
230 4174 332 4237 Missis
343 4171 457 4239 votivis
466 4168 722 4257 supradictorum
732 4170 907 4253 Fastorum,
919 4179 950 4234 et
959 4170 991 4231 in
1004 4170 1095 4235 Missa

91 4291 153 4356 pro
170 4266 319 4354 eligendo
335 4269 466 4332 Summo
481 4263 645 4330 Pontificc.
