2754 4740
371 234 406 274 nt
428 232 580 278 auruleus
602 233 778 279 auhuman.

59 337 198 400 Festum
210 337 250 400 B.
266 337 309 400 M.
324 336 367 402 V.
385 334 426 399 de
449 337 557 400 Monte
575 335 720 401 Carmclo
748 337 908 422 (lutatii)

104 455 120 490 s
226 451 242 488 o
337 453 353 488 s
389 427 431 492 ad
445 429 542 495 Nives
558 429 593 515 (5
608 428 760 515 Augusti)

105 547 120 582 o
223 546 239 583 s
333 545 348 576 ι
382 520 423 585 de
437 520 587 586 Mercede
603 523 656 606 (il
674 523 887 608 Septembris)

105 642 120 676 »
224 641 240 676 r>
333 641 348 676 o
385 614 442 680 SS.
469 614 614 680 Nominis
652 617 759 685 Marioe
792 619 968 695 (Domiuiea
1007 620 1092 686 inira

294 712 448 777 Octavam
462 712 689 775 NatiuitatisB.
699 714 742 776 M.
755 713 814 797 V.)

226 807 284 870 SS.
302 809 473 872 Rosarinm
500 809 539 871 B.
554 807 599 870 Μ.
609 806 650 874 V.
666 808 848 890 (Dominica
861 808 1048 894 menbris)

228 893 516 966 Praesentationis's
588 923 603 958 n
650 900 703 983 (21
723 902 928 988 Novembris)

108 1024 116 1056 r
231 993 453 1060 Conversionis
470 993 503 1056 S.
520 993 611 1057 Pauli
630 992 856 1078 (attenuaris)

108 1119 124 1152 s
229 1087 395 1155 Cathedrae
411 1090 445 1152 S.
462 1087 549 1153 Pctri
566 1087 733 1174 utriusque
756 1091 881 1176 (Romae
904 1091 1026 1156 scilicet
1049 1091 1092 1155 18

296 1183 440 1248 ianuarii
452 1192 484 1247 ct
497 1182 674 1247 Antiochiae
690 1185 732 1246 Ὦ
747 1183 928 1268 Fchruarii)
1189 1247 1195 1261 ,
1230 1209 1258 1262 ,¹

231 1283 265 1345 S.
279 1280 410 1344 loannis
429 1288 502 1342 antc
521 1286 644 1362 portam
657 1278 803 1342 Latinam
819 1278 853 1364 <6
866 1279 958 1366 Maji)
977 1283 1003 1369 5
1018 1231 1281 1364 βμαῶοω

107 1404 123 1437 s
226 1374 443 1460 Apparitionis
455 1373 489 1436 S.
503 1371 667 1435 Michaelis
685 1372 879 1461 Archangeli
896 1375 928 1459 (8
941 1377 1032 1464 Maji)

227 1470 261 1532 S.
277 1466 432 1531 Barnabae
444 1464 588 1548 Apostoli
600 1465 653 1550 (ll
671 1465 774 1551 Junii)

106 1589 121 1622 ι)
226 1562 260 1624 S.
283 1557 565 1643 inseruerunt)
1263 1587 1295 1610 ..
1366 1569 1371 1580 ’

105 1685 113 1718 ›
227 1658 261 1720 S.
275 1653 420 1719 loachim
433 1651 614 1738 (Dominica
630 1651 713 1714 inlra
727 1653 800 1717 Oct.
819 1653 1069 1742 Assumptionis)
1081 1609 1132 1710 2(
1142 1599 1297 1718 [pterim
1312 1617 1353 1732 ‘f

227 1747 453 1815 Decollationis
469 1747 503 1809 S.
521 1745 819 1831 loannis-Baptistae
835 1751 889 1832 (29
905 1750 1057 1837 Augustil
1071 1747 1126 1836 ,ci¹
1162 1747 1291 1826 ΐξμω
1305 1760 1315 1793 ²
1327 1751 1356 1779 ²*

226 1848 437 1910 Patronorum
452 1841 558 1904 minus
573 1841 812 1925 principalium.

112 1938 238 2022 Quoad
248 1941 339 2002 Festa
350 1935 497 2019 Dupliciu
507 1935 640 2016 minora,
652 1933 875 2018 Semitluplicia
887 1944 917 1998 cl
933 1936 1094 2019 Simplicia

68 2028 500 2103 conlcraturKalendarium
511 2028 676 2092 Breviario
688 2027 864 2092 velMissali
874 2031 1091 2114 praepositum,

69 2134 102 2195 in
115 2126 239 2219 quoad
250 2125 397 2212 Duplicia
408 2124 533 2186 minora
548 2122 678 2205 ponitur
693 2143 755 2186 vox
768 2122 917 2207 Duplex5
932 2122 973 2187 ad
989 2125 1094 2187 Semi-

69 2225 239 2312 dupliciat
256 2219 453 2303 Serniduplex
462 2243 474 2296 ‚·
489 2216 529 2282 ad
543 2217 708 2302 Simplicia
720 2238 798 2281 rcro
814 2217 894 2281 nihil
907 2219 1048 2302 ponitur.

113 2322 242 2402 Quaest.
260 2319 314 2380 10.
334 2313 419 2394 Quid
448 2312 634 2398 intellipitur
652 2333 709 2396 per
723 2315 813 2376 Festa
836 2313 964 2376 mobilia
988 2324 1016 2375 et
1042 2315 1096 2376 im-

69 2413 237 2481 mobilia?
508 2407 511 2414 '

112 2513 158 2576 R.
178 2510 275 2572 Festa
285 2504 411 2568 inobilie
426 2513 511 2583 sunt,
524 2524 595 2588 quaa
606 2503 663 2565 uni
676 2501 889 2566 determinato
901 2498 965 2564 diei
978 2502 1096 2565 mensis

70 2625 137 2668 non
151 2611 232 2667 sunt
243 2600 348 2676 affixa,
362 2598 469 2685 qualia
481 2608 554 2661 sunt
569 2598 775 2661 Resurrectio
789 2596 917 2677 Christi,
929 2595 1095 2678 Ascensio‚

69 2700 283 2761 Pentecostes
294 2705 326 2757 et
341 2692 468 2755 similia.
486 2692 660 2756 Imrnobilio
682 2703 767 2774 sunt,
784 2714 855 2778 quae
871 2693 966 2756 ccrtis
980 2688 1097 2754 dicbus

71 2793 240 2856 mensium
255 2812 295 2852 ex
318 2789 420 2874 prima
435 2788 635 2851 institutione
660 2789 753 2852 affixa
786 2797 871 2868 sunt,
900 2787 946 2850 uti
983 2782 1096 2848 ridere

70 2889 150 2951 licet
178 2887 211 2949 in
240 2880 462 2964 Kalcrrdarl03
488 2883 646 2968 quamvis,
672 2905 729 2967 per
755 2880 903 2947 accidens
935 2877 1096 2944 interdum

72 2978 247 3066 impedita,
261 2977 423 3042 transferri
441 2973 582 3039 debcant
605 2977 637 3039 iu
665 2978 762 3040 alium
787 2974 887 3057 diem,
913 2986 950 3041 ut
972 2972 1099 3038 dicetur

72 3075 105 3138 in
122 3076 228 3138 altera
245 3071 396 3149 sectione,
414 3067 470 3131 ubi
496 3067 537 3131 dc
553 3071 759 3134 translatione
784 3072 950 3134 Fastorum
977 3069 1094 3155 agitur.

1141 3173 1268 3306 s

919 513 926 522 ι

381 3290 409 3382 ξ.
431 3291 467 3362 3.
497 3289 552 3362 De
572 3289 794 3366 Dominicis.

464 3601 468 3610 .
503 3520 578 3608 (ru.
597 3523 665 3606 nn.
723 3488 728 3495 ’

116 3734 243 3813 Qurest.
262 3729 315 3790 ll.
345 3727 421 3806 Quae
437 3736 480 3789 est
499 3726 734 3789 Dominicorum
750 3723 887 3789 divisio?

115 3830 162 3893 R.
188 3823 370 3890 Dominicae'
389 3830 463 3884 sunt
486 3821 537 3884 vcl
564 3825 707 3907 majores,
722 3818 765 3882 -in
778 3818 896 3904 quibus
910 3821 1098 3883 recoluntur

73 3922 241 4008 praecipua
258 3917 425 3982 creationis
441 3925 472 3979 ct
484 3913 714 4001 redemptionis
732 3914 882 3998 mysteria
892 3937 901 3996 3
925 3915 979 3978 vcl
994 3915 1096 3976 mino·

73 4039 136 4098 res,
154 4037 229 4102 quae
242 4015 337 4077 etiam
353 4020 509 4075 vocantur
523 4032 695 4074 communes
710 4010 763 4074 vcl
777 4029 973 4091 perannum.

120 4109 301 4176 Dominicae
317 4105 453 4191 majoros
464 4117 538 4170 suut
553 4108 605 4171 vel
617 4110 729 4192 primia
745 4106 798 4170 vel
820 4104 959 4168 secunda.²
974 4101 1094 4165 classis.
