2832 4730
297 182 339 247 60
735 203 878 249 narnien

297 302 375 369 illud
388 291 551 392 contingat
563 303 740 387 transferri,
756 313 792 369 ut
805 301 932 369 dicetur
948 304 981 370 in
995 307 1139 373 Robrica
1151 305 1192 372 de
1201 310 1314 373 Trans·

296 399 414 464 latione
436 400 617 464 Fastorum.
673 414 690 420 ·

369 495 502 559 .Habet
516 494 635 580 primas
654 503 686 558 et
704 491 861 558 secundas
886 494 1045 582 Vesperas
1069 497 1223 586 integras,
1250 498 1312 562 nisi
1409 495 1413 518 '¹

296 609 370 652 cum
386 588 448 652 alio
462 588 557 651 simili
572 598 752 670 concurrat,
767 596 804 651 ut
824 585 949 653 dicetur
964 591 996 655 in
1007 591 1151 658 Rubrica
1171 591 1212 655 dc
1226 591 1312 656 Con.
1408 644 1411 659 ⁴

297 683 456 747 currentia
471 683 595 765 Ollieii;
613 691 644 747 et
660 692 760 748 totum
777 679 926 750 Officium
943 685 978 750 fit
1003 685 1043 750 de
1074 687 1215 774 Duplici,
1234 688 1312 754 inci-

295 776 412 863 piendo
443 799 461 842 a
498 778 608 863 primis
644 778 806 864 vesperis,
839 801 941 867 usquo
973 779 1015 845 ad
1053 782 1310 868 Completorium

296 873 457 960 sequentis
472 871 536 936 diri
551 873 717 954 inclusive,
736 874 797 940 nisi
810 877 902 940 aliter
924 877 956 940 iu
981 879 1118 964 propriis
1141 879 1219 942 locis
1237 879 1313 943 assi·

262 1031 264 1036 ,
296 968 695 1053 gnetur.0ffioiumautem
704 971 935 1036 Defunctorum
946 971 1312 1060 babettantumprimas

296 1060 464 1148 Vesperas,
481 1063 671 1129 Matutinum
683 1074 716 1130 et
730 1063 867 1151 Laudes,
886 1078 921 1132 ut
936 1066 1020 1132 circa
1037 1067 1133 1132 linem
1150 1069 1311 1133 Breviorii
1411 1107 1412 1110 =

298 1157 440 1242 ponitur.

298 1444 429 1532 integrae
441 1442 593 1509 dicuntur
607 1444 639 1508 in
655 1444 812 1530 principio
828 1453 860 1507 et
873 1443 904 1505 in
921 1442 984 1506 fine
998 1444 1211 1508 Psalmorum.

340 1539 372 1603 5.
390 1537 441 1604 Ad
466 1539 657 1604 Matutinum
679 1539 870 1626 regulariter
884 1536 1035 1603 dicuntur
1050 1548 1113 1603 tres
1138 1539 1309 1620 Nocturni,

297 1654 370 1698 cum
384 1654 500 1697 novom
515 1633 660 1714 Psalmis,
677 1642 708 1697 et
725 1630 858 1697 totidem
872 1632 1088 1715 Lectionibus,
1113 1632 1175 1698 hoe
1191 1644 1249 1716 est,
1276 1635 1310 1698 in
1412 1681 1413 1690 ι

296 1749 491 1816 unoquoque
514 1729 675 1794 Nocturno
692 1738 754 1792 tres
774 1727 903 1808 Psalmi,
922 1736 953 1790 ct
968 1737 1031 1791 tres
1045 1728 1210 1792 Lectiones
1225 1749 1311 1814 prae·

297 1830 443 1908 terquam
459 1822 491 1885 in
505 1822 660 1886 Paschatc
674 1821 929 1887 Resurrectionis
947 1831 978 1884 ct
998 1823 1214 1900 Pentecostes,
1234 1843 1310 1904 cum

296 1914 423 1981 duobus
446 1917 652 2005 sequentibus
667 1916 792 1999 diebus,
809 1917 841 1980 in
857 1916 975 2002 quibus
990 1912 1108 1980 dicitur
1123 1936 1225 1980 unum
1242 1907 1310 1981 tan·

295 2019 362 2074 tum
378 2012 575 2076 Nocturnum
587 2033 659 2076 curn
677 2011 776 2076 tribus
787 2011 932 2095 Psalmis,
952 2021 983 2076 ot
997 2008 1130 2076 totidem
1145 2010 1310 2076 Lectioni-

295 2104 366 2184 bus,
384 2115 420 2168 ut
433 2102 553 2169 ibidem
566 2107 708 2192 ponitur.

339 2199 371 2262 6.
395 2201 511 2265 Preces
524 2199 564 2264 ad
575 2201 716 2266 Primam
730 2212 761 2266 et
776 2200 1037 2287 Complatorium,
1054 2208 1086 2263 ot
1096 2197 1254 2286 Suffragia
1267 2196 1310 2262 dc

297 2294 412 2359 Sancta
428 2295 539 2379 Maria,
554 2295 727 2382 Apostolis‚
744 2307 777 2362 et
795 2299 878 2362 Pace
894 2295 935 2361 ad
949 2297 1107 2381 Vesperas
1123 2303 1155 2358 et
1168 2292 1308 2376 Laudes,

296 2411 359 2452 ιιοιι
373 2388 523 2454 dicuntur
534 2390 566 2454 in
578 2392 689 2458 Officio
700 2393 838 2479 Duplici,
852 2403 888 2458 ut
899 2392 995 2456 etiam
1007 2389 1185 2476 inpropriis
1195 2411 1309 2453 eornm

295 2481 602 2568 Rubricis'dicetur.
1044 2535 1046 2540 ,

340 2577 373 2640 7.
398 2577 566 2658 Quomodo
581 2579 622 2644 sit
634 2578 848 2646 ordinandum
863 2581 1011 2646 Officium
1029 2581 1155 2666 Duplex
1179 2579 1211 2643 in
1225 2580 1310 2646 Ves-

296 2668 392 2754 peris,
417 2671 584 2751 Matutino,
609 2683 641 2737 et
663 2675 776 2738 ceteris
798 2675 894 2740 Horis
902 2698 912 2757 ;
937 2675 1082 2741 similiter
1108 2672 1195 2738 etde
1214 2672 1311 2738 Anti·

296 2764 423 2850 pbonis,
438 2766 673 2851 ResponsoriiS,
695 2769 864 2849 VersibuS,
893 2768 1057 2854 Capitulis,
1074 2776 1106 2830 et
1127 2768 1198 2832 aliis
1220 2768 1252 2830 in
1269 2786 1310 2828 eo

296 2856 453 2942 dicendis,
468 2857 628 2925 habentur
638 2861 773 2926 inferius
789 2859 828 2924 de
844 2863 976 2950 singulis
991 2859 1127 2950 propriae
1142 2859 1307 2926 Rubrieae.

525 3107 579 3182 II.
597 3108 652 3184 De
666 3109 793 3204 Officio
810 3107 1068 3204 Semiduplier‘.

341 3350 372 3415 l.
390 3347 536 3416 Officium
553 3353 585 3416 lit
602 3350 809 3439 Semiduplex
834 3350 948 3418 dicbus
970 3351 1144 3418 Dominicis
1160 3350 1313 3438 (excepta

295 3445 462 3510 Dominica
481 3445 513 3510 in
536 3447 637 3525 Albis,
667 3448 699 3511 in
725 3469 789 3534 qua
812 3447 847 3513 fir
869 3447 1009 3534 Duplex)
1032 3456 1063 3512 et
1086 3444 1201 3510 diebus
1224 3445 1312 3510 inira

296 3538 446 3605 Octavas:
465 3543 541 3607 item
556 3544 587 3606 in
608 3544 719 3624 Festis,
736 3543 852 3630 quibus
868 3544 900 3608 in
924 3541 1120 3607 Kalendario
1135 3540 1313 3626 apponitur

295 3633 364 3699 haee
388 3657 452 3702 vox
473 3637 680 3722 Semiduplerr‚
699 3649 730 3703 et
747 3641 779 3703 in
801 3640 902 3704 Festis
930 3638 1068 3726 propriis
1092 3633 1311 3724 quorumdam

295 3727 452 3806 locorum,
464 3752 525 3794 scu
536 3731 839 3820 congregationum,
854 3755 924 3820 quae
940 3732 1112 3797 solemnius
1127 3727 1212 3817 apud
1223 3729 1308 3810 illas,

296 3843 393 3907 quam
404 3824 572 3910 simplicia,
589 3839 826 3900 consueverunt
842 3829 1011 3894 celebrari.

288 3933 291 3940 ’
341 3918 373 3980 P.
397 3919 443 3981 De
458 3920 550 3984 Festo
567 3921 776 4009 Semiduplici
791 3923 826 3988 fit
838 3945 876 3987 eo
892 3921 944 3986 die
960 3944 1024 4010 quo
1041 3919 1137 4002 cadit,
1154 3918 1214 3982 nisi
1228 3939 1310 3983 con·

294 4009 398 4167 {ngat
413 4013 589 4094 transferri,
606 4027 642 4082 ut
667 4015 793 4082 dicetur
809 4017 841 4081 in
862 4015 1006 4084 Robrica
1022 4013 1062 4079 de
1083 4013 1308 4078 Translatione

322 4115 474 4171 estonum.

340 1253 373 1317 l.
389 1255 426 1316 In
444 1253 588 1341 utrisque
602 1254 762 1340 Vesperis,
778 1253 933 1318 Matutino
948 1265 981 1320 et
995 1233 1158 1320 Laudibus
1172 1265 1309 1338 tantum,
1407 1218 1412 1277 ἒ

296 1369 361 1412 ιιοιι
376 1358 482 1413 autem
499 1349 531 1412 in
545 1349 614 1413 aliis
629 1349 735 1431 Horis,
752 1347 958 1435 duplicantur
980 1347 1183 1434 Antiphone,
1201 1347 1234 1413 id
1248 1354 1309 1431 est,
1411 1360 1412 1369 ’

1403 204 1414 465 l

1406 525 1414 741 ἶ
