2750 4738
310 181 353 242 70
734 191 878 239 nuourcm

310 303 499 384 Ferialibus,
515 310 552 366 ut
569 299 602 364 in
618 299 785 380 Psalterio,
801 295 921 364 Versus
936 292 978 356 de
996 294 1030 357 S.
1043 293 1156 371 Maria,
1170 295 1270 378 prima
1288 303 1314 360 ct

310 396 452 464 secunda
474 396 584 462 Lectio
607 394 837 478 ex¹Scriptura
867 386 908 452 de
936 388 1092 472 Tempore
1123 401 1313 470 oecurrente,

312 495 404 559 tertia
419 493 540 570 Lectio,
560 500 591 554 et
606 490 668 555 alia
690 489 799 554 omnia
814 496 880 550 tam
914 483 946 546 in
975 483 1144 562 Matutino,
1176 504 1271 570 quam
1287 485 1314 548 in

310 585 474 652 Laudibus
490 596 522 651 et
536 584 644 668 Horis,
660 594 695 648 ut
711 583 744 647 in
760 580 869 647 Officio
882 579 916 643 S.
927 577 1034 643 Maris
1048 577 1083 640 in
1098 577 1315 643 Sabbatoassi·

311 691 462 768 guantur.

354 776 387 840 5.
411 775 571 841 Dicuntur
584 776 701 838 Preces
715 771 930 838 Dominieales
953 767 996 834 ad
1020 770 1162 833 Primam
1180 777 1214 832 et
1236 767 1314 832 Com·

310 871 481 957 pletorium
490 893 499 952 ;
517 880 548 934 et
560 869 639 934 liunt
655 868 813 954 Suffragia
832 863 1042 931 consuetude
1059 863 1222 950 Apostolis
1239 860 1315 926 etde

309 968 404 1048 Pace,
422 975 454 1031 et
467 975 610 1051 tempore
625 963 771 1029 Paschali
783 964 850 1026 sola
865 961 1133 1026 commemoratio
1148 956 1190 1021 de
1207 957 1311 1034 Cruce,

311 1069 347 1124 ut
364 1061 398 1124 in
414 1057 555 1125 secunda
570 1059 663 1122 Fcria
681 1068 751 1144 post
762 1056 916 1121 Octavam
935 1052 1076 1119 Paschae.
1107 1055 1185 1116 Post
1200 1053 1314 1116 Nonam

246 1187 251 1198 =
311 1154 392 1218 nihil
407 1155 441 1220 fit
465 1153 504 1217 do
526 1175 575 1236 ea,
604 1153 663 1215 nisi
690 1162 841 1217 consueta
869 1149 940 1236 ejus
958 1149 1226 1214 commemoratio
1249 1167 1315 1209 cum

311 1248 380 1312 aliis
395 1248 575 1336 suffragiis,
594 1246 722 1333 quando
743 1244 878 1310 dicenda
895 1245 1015 1308 suntin
1031 1243 1144 1308 Officio
1160 1240 1202 1306 de
1213 1239 1315 1306 Domi·

312 1363 395 1408 usca.

514 1607 586 1692 IX.
615 1609 671 1682 Dc
689 1605 1118 1684 Cornmemorou'ontbos.

356 1890 387 1954 l.
413 1886 739 1954 Commemorationcs
775 1884 856 1948 liunt
888 1882 929 1948 de
967 1884 1067 1948 Festis
1105 1887 1316 1972 Simplicibus,

312 1980 443 2069 quando
456 1983 490 2066 in
502 2003 615 2047 eorum
624 1979 738 2045 diebus
751 1978 1001 2044 inciditFestum
1013 2000 1130 2046 novem
1137 1983 1318 2046 Lectionum

313 2079 410 2142 etiam
426 2079 627 2160 translatum,
645 2077 698 2143 vel
711 2075 889 2157 Dominica,
908 2077 960 2139 vel
971 2075 1103 2160 Octava,
1122 2078 1174 2143 vel
1203 2078 1319 2142 Sabba-

314 2181 394 2255 tum,
407 2183 439 2238 et
454 2171 583 2260 quando
597 2171 668 2237 fieri
684 2169 782 2235 debet
803 2167 844 2232 de
859 2170 966 2254 Feria,
980 2180 1016 2234 ut
1027 2181 1165 2256 ponatur
1178 2171 1318 2238 Officium

313 2265 449 2354 alicujus
464 2267 650 2352 Dominicse,
669 2287 739 2353 quae
756 2287 794 2329 eo
806 2285 890 2328 anno
906 2265 1055 2349 supersit.

361 2364 393 2428 2.
406 2364 452 2428 De
465 2363 567 2426 Feriis
581 2360 759 2444 Adventus,
781 2357 1053 2446 Quadragesimae,
1072 2361 1220 2442 Quatuor
1234 2363 1320 2426 Tem·

315 2477 440 2543 porum,
459 2456 662 2543 Vigiliarum,
682 2465 714 2520 et
730 2452 871 2520 secunda
885 2456 1117 2542 Rogationum,
1134 2457 1169 2521 fit
1183 2457 1321 2522 Comme·

316 2550 464 2632 morolio,
483 2550 613 2637 quando
628 2552 756 2615 Festum
768 2569 886 2615 novem
901 2550 1089 2616 Lectionum
1101 2552 1133 2615 in
1150 2553 1214 2616 illis
1228 2550 1321 2617 Feriis

315 2645 465 2709 occurrit.
492 2646 525 2710 si
540 2647 684 2732 Simplex
700 2646 829 2710 Festum
846 2645 878 2708 in
904 2643 1025 2710 eisdem
1040 2648 1142 2713 Feriis
1168 2655 1319 2721 occurrat,

315 2739 464 2805 Officium
475 2742 510 2806 lit
521 2739 562 2804 do
572 2742 676 2823 Feria,
687 2740 994 2806 etcommemoralio
1010 2741 1051 2806 de
1065 2745 1158 2808 Festo
1170 2741 1321 2829 Simplici.

360 2833 392 2898 5.
420 2836 578 2900 Praeterea
591 2835 626 2901 fit
641 2836 908 2901 Commemoratio
924 2836 964 2900 de
980 2839 1154 2902 Dominicis
1176 2846 1195 2904 t
1211 2842 1323 2904 Pente-

271 2987 274 2995 .
316 2938 403 2995 coste
429 2950 530 3017 usque
550 2929 591 2994 ad
606 2930 803 3014 Adventum,
818 3003 820 3008 ,
833 2940 865 2994 et
894 2930 934 2995 ab
959 2932 1139 3017 Epiphania
1162 2928 1323 3020 usquead

320 3025 608 3112 Septuagcsimam,
627 3036 659 3091 et
673 3027 866 3091 iDominica
885 3028 918 3090 in
929 3028 1020 3093 Albis
1035 3050 1138 3114 nsque
1159 3029 1201 3094 ad
1212 3033 1324 3094 Pente·

317 3128 425 3183 costen
441 3120 615 3198 exclusive,
633 3117 764 3206 quando
779 3121 872 3184 Festo
888 3121 1014 3206 Duplici
1031 3121 1265 3206 impediuntur.
1282 3123 1323 3184 De

317 3209 386 3275 eliis
401 3212 575 3278 Dominicis
587 3215 675 3278 nullu
692 3214 728 3277 lit
743 3213 1009 3280 Commemoratio
1032 3229 1223 3283 oecurrente
1238 3219 1323 3282 Festo

317 3307 455 3391 Duplici,
478 3309 554 3395 quia
569 3312 699 3375 Festum
714 3311 747 3374 in
768 3312 830 3376 illis
846 3333 1017 3377 occurrens
1032 3312 1243 3378 transfertur:
1271 3310 1324 3375 nisi

318 3399 395 3464 illud
419 3402 548 3468 Festum
578 3407 675 3470 luerit
703 3407 890 3493 principalis
913 3409 1055 3486 Patroni,
1074 3411 1126 3473 vel
1145 3410 1254 3491 Tituli,
1276 3403 1325 3470 aut

318 3493 533 3563 Dedicationis
545 3501 643 3586 ipsius
651 3501 810 3583 Ecclesiae,
826 3525 890 3567 non
906 3515 1012 3567 autem
1029 3502 1324 3590 alicujns'Capellae.

320 3592 372 3655 vel
384 3589 501 3657 Alteris
517 3593 663 3680 ejusdcm
679 3597 846 3673 Ecclesiae;
862 3609 894 3663 et
908 3609 984 3664 tuuc
995 3597 1036 3662 de
1048 3598 1235 3686 hujusmodi
1248 3599 1325 3685 prin·

319 3686 412 3770 cipali
429 3689 522 3756 Festo
535 3692 570 3757 fir
586 3702 709 3758 tanturn
727 3693 757 3756 in
776 3715 814 3758 eo
829 3696 912 3775 loeo,
930 3697 982 3760 vel
997 3697 1150 3776 Ecclesia,
1176 3696 1269 3782 cujus
1285 3701 1326 3755 est

319 3782 486 3865 Patronus,
505 3790 557 3852 vel
567 3789 703 3867 Titulus,
721 3800 776 3853 aut
789 3788 970 3872 Dedicatio,
997 3813 1071 3855 cum
1098 3810 1325 3856 commemorn-

321 3877 607 3966 tioueDominicae;
626 3894 759 3968 excepta
770 3887 960 3951 Dominical
967 3885 1148 3965 Adventus,
1163 3885 1326 3951 Dominica

321 3970 617 4063 lQuadregesimae,
640 3979 805 4044 Dominioa
827 3982 997 4063 Passionis,
1015 3981 1181 4044 Dominicu
1204 3981 1325 4044 Palma·

319 4088 405 4152 rum,
418 4073 582 4140 Dominiea
598 4074 740 4155 Pasrhae,
766 4077 932 4141 Dominioa
949 4079 981 4141 in
998 4075 1100 4154 Albis,
1118 4099 1156 4140 ao
1167 4074 1326 4142 Dominica
