2794 4728
423 192 597 238 cesenates
613 193 762 238 urssnnrs.
1043 181 1104 247 155

89 300 225 386 Duplici,
251 298 302 363 vel
322 292 544 380 Semiduplici,
558 293 676 361 dicitur
691 298 785 364 Missa
804 301 990 388 principalis
1002 329 1102 393 geno·

87 395 194 459 ratiter
218 414 274 476 pro
304 387 464 454 deiunctis
493 386 725 474 sacerdotibus,
765 393 1038 479 benefactoribus,
1070 411 1103 465 et

90 489 168 552 eliis.
195 487 228 550 Si
251 505 328 550 vero
352 481 385 546 in
408 503 445 545 ea
468 481 564 547 luerit
586 483 714 551 Festum
739 488 892 574 Simplex,
921 494 973 557 vel
995 493 1099 576 Feria,

90 603 157 668 quae
174 578 336 665 propriam
348 576 467 642 babeat
484 577 623 660 Missam,
650 591 706 645 aut
722 583 914 650 resumenda
942 588 983 652 sit
1008 589 1100 654 Missa

89 675 260 742 Dominieae
276 669 571 758 praecedentis,quae
583 672 645 738 suit
660 675 825 762 impedita,
835 688 867 743 et
881 680 964 745 inira
981 681 1100 747 bebdo-

90 771 213 838 madam
226 791 290 834 non
307 777 453 832 occurrat
467 768 548 830 alius
566 764 634 832 dics
651 769 682 832 in
699 793 763 857 ιμιο
780 775 897 838 resumi
915 777 1035 862 possit:
1066 780 1098 843 in

89 867 228 932 ecclesiis
244 860 483 928 cathedralibus
497 872 529 925 ct
543 863 719 949 collegiatis
733 863 881 932 dicantur
896 867 967 934 duaa
984 873 1097 954 Missae,

89 985 147 1026 una
164 983 223 1047 pro
235 957 412 1036 Delunetis,
430 956 492 1019 alia
508 954 549 1020 de
566 956 658 1020 Festo
676 958 831 1044 Simplici,
846 963 897 1026 vel
911 962 1003 1028 Feria
1017 989 1100 1052 pree-

88 1057 183 1122 dicta.
212 1053 276 1120 Sed
293 1055 325 1117 in
341 1051 482 1116 ecclesiis
497 1072 561 1115 non
573 1049 814 1118 cathedralibus
843 1075 902 1120 nec
925 1059 1099 1146 collegiatis
1194 1043 1201 1067 Ι

89 1151 211 1216 dicatur
235 1151 328 1214 Missa
352 1145 392 1211 de
417 1145 470 1212 dic
486 1167 558 1210 cura
576 1144 885 1212 Commemoratione
906 1154 1100 1236 generaliter

88 1267 143 1330 pro
159 1245 337 1309 Delunetis.

128 1343 160 1404 2.
186 1343 347 1404 Praeterea
370 1336 450 1400 feria
472 1335 613 1400 secunde
638 1337 795 1424 cujusque
817 1335 1040 1420 hebdomadae,
1065 1345 1097 1408 in

88 1457 150 1522 qua
172 1435 321 1501 Officium
340 1433 376 1496 lit
396 1430 437 1495 de
452 1433 556 1512 Faria,
575 1433 668 1498 Missa
693 1435 878 1519 principalis
909 1433 972 1500 dici
998 1448 1099 1521 potest

87 1551 141 1614 pro
175 1528 354 1593 Delunetis.
372 1527 405 1591 Si
423 1536 530 1590 autem
559 1525 657 1591 luerit
679 1528 808 1614 propria
824 1529 916 1593 Missa
933 1529 973 1595 de
992 1534 1096 1616 Feria,

88 1623 138 1687 vel
148 1621 190 1686 de
205 1623 298 1686 Festo
315 1620 470 1706 Simplici,
484 1621 535 1686 vel
548 1620 739 1685 resumenda
761 1624 802 1685 sit
815 1623 910 1687 Missa
924 1624 1097 1692 Dominicoe

88 1714 309 1802 precedentis,
323 1725 478 1800 utsupra,
494 1714 525 1777 in
538 1715 632 1779 Missa
648 1713 688 1778 de
703 1714 755 1778 dic
766 1715 820 1781 fiat
832 1717 1097 1785 Commemoratis

87 1823 133 1898 tut
144 1811 267 1877 dictum
285 1809 345 1895 est)
358 1831 414 1894 pro
425 1809 603 1873 Delunetis.
615 1809 779 1896 Excipitur
791 1819 896 1875 tamen
908 1809 1096 1900 Quadrage-

86 1909 175 1985 sima,
192 1918 225 1970 et
238 1916 339 1971 totum
360 1907 497 1990 Tempus
512 1907 677 1988 Paschale,
701 1919 732 1970 et
755 1905 883 1992 quando
903 1929 1093 1993 perannum

88 2009 235 2073 Officium
246 2008 440 2093 estDuplcx,
455 2008 506 2072 vel
519 2007 744 2095 Semiduplex:
759 2009 876 2094 quibus
885 2011 1094 2094 Temporibus

88 2125 148 2166 non
165 2102 285 2167 dicitur
308 2104 401 2167 Missa
417 2104 636 2167 conventualis
647 2125 705 2188 pro
720 2105 896 2183 Delunetis,
910 2105 979 2189 (nisi
994 2107 1025 2169 in
1042 2105 1093 2170 die

87 2197 298 2282 Depositionis
322 2196 479 2279 Defuncti,
497 2207 528 2261 et
544 2198 575 2260 in
591 2196 818 2263 riunivcrsario
843 2219 901 2284 pro
916 2200 1094 2284 Delunetis)

87 2312 191 2378 neque
206 2315 264 2378 pro
280 2295 324 2357 cis
339 2293 375 2356 tlt
397 2291 677 2357 commemoratio.
706 2293 806 2369 Missae
828 2303 933 2357 autem
966 2295 1093 2379 privatae

87 2407 142 2469 pro
160 2388 325 2453 Delunetis
351 2407 554 2475 quocumque
578 2386 631 2452 die
647 2387 710 2453 dici
726 2398 865 2472 possunt,
883 2398 1093 2475 preterquam

87 2479 116 2542 in
130 2481 229 2545 Festis
243 2481 442 2569 Duplicibns,
460 2492 492 2545 et
509 2483 682 2547 Dominicis
696 2482 823 2546 diebus.

127 2576 159 2638 5.
185 2577 220 2639 ln
253 2575 305 2640 die
328 2577 645 2642 Commemorationis
673 2580 815 2645 omnium
844 2580 1087 2660 Defunctorum,

89 2680 118 2732 et
142 2672 174 2732 in
200 2669 253 2735 die
279 2673 502 2758 Depositionis,
538 2683 570 2737 et
600 2673 631 2736 in
662 2673 889 2738 Annirersario
926 2675 1088 2755 Deluneti,

89 2763 281 2837 dicituruna
302 2778 423 2832 tantum
446 2768 576 2852 Orati05
606 2779 638 2832 ct
672 2769 818 2833 similiter
847 2769 879 2831 in
905 2765 956 2829 die
988 2770 1091 2846 tertia,

88 2861 232 2944 septima,
271 2863 445 2949 trigesima,
469 2875 517 2945 ¹et
543 2861 812 2951 quandocumque
839 2886 895 2948 pro
928 2863 1092 2926 Delunetis

88 2955 270 3020 solemniter
302 2957 498 3022 celebratur:
537 2958 569 3021 in
600 2958 669 3021 aliis
698 2955 800 3021 Missis
829 2960 948 3042 plnres,
981 2966 1016 3019 ut
1051 2953 1091 3018 de

90 3047 186 3111 Feriis
208 3060 240 3115 et
263 3049 468 3136 Simplieibus
482 3048 608 3116 dicetur
630 3051 711 3114 inira
727 3051 758 3114 iu
779 3052 922 3117 Rubrica
942 3049 982 3113 dc
1009 3049 1091 3113 Ora-

92 3138 239 3207 tionibus.

132 3236 164 3299 l.
186 3237 362 3325 'Sequentia
379 3261 435 3324 pro
451 3241 615 3304 Delunetis
630 3237 747 3303 dicitur
763 3239 795 3302 in
818 3236 871 3302 die
897 3239 1093 3306 Commemo-

93 3329 217 3394 rationis
229 3333 373 3396 omnium
397 3331 539 3397 fidelium
563 3335 806 3416 Delunetorum,
824 3343 857 3397 et
883 3333 1094 3419 Depositionis

92 3425 249 3506 Deluneti,
263 3435 296 3490 et
310 3419 578 3516 quandocumque
595 3431 627 3493 in
644 3430 736 3493 Missa
752 3426 869 3492 dicitur
883 3450 946 3492 una
972 3437 1093 3492 tantum

92 3518 213 3584 Oratio:
232 3521 265 3583 in
281 3521 351 3586 aliis
366 3533 473 3588 autem
491 3524 591 3588 Missis
602 3546 661 3610 pro
677 3523 840 3589 Delunetis
852 3521 976 3588 dicatur
991 3521 1032 3586 ad
1047 3543 1095 3586 ar·

91 3613 218 3679 bitrium
234 3617 419 3683 sacerdotis.
