2754 4740
402 205 434 246 m
446 203 597 245 nuanrcas
612 205 788 249 naumann.
1084 192 1109 258 5

123 307 254 371 Deinde
270 328 375 392 neque
403 302 530 368 easdem
561 325 688 388 semper
713 318 818 389 partes
834 309 954 374 habent
969 313 1102 401 singulae

80 400 189 464 Horae.
209 405 250 466 Et
269 405 311 466 ita
337 403 412 465 licet
441 401 586 484 Hymnus
610 402 696 462 omni
727 403 821 467 Horae
845 407 885 470 sit
910 413 1101 490 communis,
1167 449 1170 458 ·

79 495 244 560 omittitur
268 509 375 560 tamen
392 517 408 558 a
431 494 537 559 triduo
550 505 623 558 ante
636 497 756 560 Pascha
775 521 877 585 usque
892 501 933 565 ad
947 504 1107 590 Vesperas

80 587 217 652 Sabbati
235 591 266 654 in
282 590 386 654 Athis.

123 693 247 774 Quaest.
266 698 297 759 5.
320 694 546 778 erotnplieiter
561 694 713 758 dividitur
729 695 873 783 Officium
890 701 1061 768 divinum?

119 801 163 864 R.
177 802 224 864 1⁰.
234 803 371 868 Ratione
385 803 464 865 ritus
479 823 543 886 quo
561 803 767 886 persolvitur,
780 806 1104 894 Officiumtripliciter
1199 873 1201 876 .

78 891 251 971 dividitur,
265 895 360 980 juxta
383 894 559 958 Rubricam
593 897 863 979 praeliminarem:
898 901 1042 989 Officium
1063 907 1103 990 fit

78 991 219 1072 quotidie
234 1003 289 1054 ant
304 991 439 1075 Duplex,
457 1002 512 1052 ant
522 991 731 1076 Semfflupler,
750 1006 805 1057 aut
818 995 968 1080 Simplex.

120 1101 165 1164 2⁰.
184 1102 325 1166 Ratione
341 1101 459 1186 objecti
482 1123 539 1165 scu
555 1103 707 1188 mysterii,
723 1105 807 1168 Festi
832 1117 893 1170 etc.
919 1107 959 1172 de
981 1133 1045 1196 quo
1065 1113 1100 1178 fit

76 1193 239 1278 Officium,
267 1195 509 1282 quintupliciter
542 1193 710 1260 dividitur.
743 1199 870 1262 Etenim
897 1222 1098 1290 unaquaeque

76 1290 282 1354 Dominiroet
296 1295 387 1354 Ferin
408 1291 441 1352 in
457 1312 541 1354 anno
557 1290 654 1353 habet
671 1290 703 1352 in
726 1292 892 1357 Breviario
909 1317 1098 1381 correspon-

76 1380 153 1448 dens
178 1386 241 1449 sibi
268 1386 430 1464 Officium,
462 1384 548 1471 quod
580 1395 715 1448 vocatur
740 1385 776 1449 de
806 1388 979 1472 Tempore,·
1013 1411 1096 1474 saepe

77 1489 182 1544 tamen
199 1483 315 1545 harum
345 1483 586 1545 Dominioarum
610 1490 641 1542 et
665 1480 830 1544 Feriarum
848 1485 1005 1548 omittitur
1020 1485 1097 1550 Offi-

75 1575 157 1638 cium
174 1576 219 1640 ob
235 1577 435 1640 occurrentia
453 1578 555 1651 Festo,
579 1595 717 1659 quorum
734 1573 882 1660 quaedam
903 1579 1096 1644 solemniora

75 1668 196 1734 habent
221 1670 369 1735 Octavam
385 1673 447 1733 hoc
471 1681 529 1751 est,
554 1691 612 1753 per
628 1679 698 1732 octo
724 1668 793 1733 dies
820 1673 987 1737 continuos
1011 1680 1097 1739 cele-

73 1762 221 1846 brantur,
241 1777 273 1830 et
289 1764 460 1852 aliquando
478 1764 574 1827 etiam
600 1764 634 1827 V
633 1764 721 1848 ipilia
746 1767 997 1849 praeveniuntur.
1012 1769 1097 1835 Hinc

76 1861 214 1923 nascitur
230 1861 420 1947 quintuplex
443 1858 545 1923 Officii
558 1856 729 1921 discrimen
744 1883 752 1922 ε
782 1869 828 1923 est
845 1861 929 1924 enim
946 1862 1092 1928 Officium

74 1954 123 2015 vel
139 1952 179 2016 dc
193 1957 368 2036 Hominem,
390 1956 438 2018 vel
453 1951 493 2016 de
510 1955 612 2030 Ferio,
630 1954 681 2016 vol
698 1950 738 2014 dc
754 1956 854 2037 Festo,
872 1957 925 2018 vel
940 1953 980 2018 de
999 1957 1033 2020 V
1031 1959 1092 2042 ipt-

75 2044 124 2118 tta,
141 2050 193 2111 rel
211 2048 251 2111 de
268 2049 397 2114 Octava.

112 2141 205 2206 Nota.
223 2144 437 2222 Breviarium,
464 2142 546 2206 sicut
573 2143 710 2221 Missam,
739 2140 879 2208 divisum
897 2154 945 2207 cst
961 2145 992 2207 in
1009 2166 1090 2230 qua·

73 2243 141 2297 tuor
152 2247 273 2320 partes.
295 2239 403 2301 Prima
430 2259 503 2322 pars
526 2237 749 2320 complectitur
777 2236 981 2315 Pnulterr'um,
1013 2261 1085 2302 cnm

76 2325 243 2394 ordinario
256 2353 312 2394 seu
327 2331 492 2396 Contemni
505 2329 609 2417 Officii
621 2331 656 2392 de
672 2333 817 2413 Tempore
827 2331 978 2415 (Tit-XII,
992 2353 1024 2393 n.
1039 2332 1086 2417 5).

74 2421 233 2508 Haecpars
256 2427 331 2490 olim
350 2437 417 2490 erat
448 2427 478 2487 in
507 2422 614 2486 medio
640 2425 809 2500 Breviarii,
828 2425 873 2485 nti
905 2425 937 2486 in
966 2425 1083 2489 Missali

75 2513 277 2581 Ordinarium
300 2521 401 2582 Missae
426 2539 510 2580 nuno
527 2517 622 2580 etiam
635 2526 768 2600 occupat
785 2514 927 2578 medinm
940 2517 1026 2599 libri,
1042 2520 1083 2582 ad

75 2609 327 2676 commoditatem
359 2613 547 2700 legentium.
573 2613 674 2675 Porro
699 2611 891 2674 Psalterium
921 2611 962 2674 ita
978 2623 1025 2675 ost
1052 2614 1084 2676 in

72 2703 207 2789 singulos
233 2705 454 2783 Hebdomadae
483 2705 552 2769 dies
576 2705 795 2788 distributum,
813 2715 860 2784 ut,
875 2707 963 2769 nullo
988 2727 1084 2770 occu-

72 2809 153 2862 rente
168 2804 274 2885 Festo,
293 2804 453 2889 integrum
470 2804 502 2864 in
518 2799 731 2865 Hebdomada
754 2801 918 2864 recitetur.
935 2801 1081 2866 Secunda

71 2913 136 2973 pars
159 2898 405 2984 comprehendit
434 2900 608 2982 Proprium
640 2896 675 2959 de
700 2897 858 2979 Tempore,
888 2896 982 2959 tertia
1008 2918 1095 2993 pars,

71 2989 235 3076 Propriam
246 2995 431 3058 Sanctorum
447 3005 479 3057 ct
497 3003 610 3078 quarta
622 3014 695 3076 pars
710 2991 1080 3058 CommmreSurretorum.

110 3087 225 3167 Quaest.
251 3092 282 3152 4.
301 3091 443 3174 Assiprrn
464 3091 639 3172 principuus
666 3089 854 3172 differentias
876 3089 957 3150 inter
983 3089 1084 3172 tripti-

73 3202 124 3244 een
143 3184 324 3271 Officiornm
340 3189 434 3248 ritum
441 3165 642 3267 seriptum,
655 3180 893 3264 Seruili-replicem
912 3194 939 3245 et
950 3183 1082 3268 Simpli-

73 3297 137 3342 cent.

110 3386 147 3450 R.
190 3361 333 3474 (iffieiom
368 3363 487 3469 Duplex
518 3385 551 3446 l⁰
578 3383 676 3447 habet
705 3383 824 3467 primas
853 3391 884 3444 ct
921 3379 1077 3444 secundas

17 3527 19 3532 .
75 3476 236 3562 Vesperas.
459 3555 465 3558 ,

114 3587 155 3649 2⁰.
171 3591 208 3652 ln
224 3590 368 3675 utrisque
391 3587 553 3672 VesperiS,
575 3578 731 3646 Matutino
758 3591 790 3644 et
808 3578 971 3644 Laudibus
1001 3579 1079 3664 (non

75 3691 170 3746 autem
186 3685 219 3747 in
234 3685 304 3747 aliis
320 3683 430 3766 Horis)
446 3682 650 3768 duplicantur
668 3676 871 3760 Antiphonae,
891 3673 923 3736 id
939 3685 987 3737 est
1002 3675 1081 3737 iute-

78 3796 131 3859 grae
142 3776 293 3842 dicuntur
304 3778 504 3864 inprincipio
521 3786 552 3839 et
563 3775 595 3836 in
612 3773 674 3836 fine
689 3773 901 3836 Psalmornm.

114 3884 154 3946 5⁰.
177 3881 229 3947 Ad
245 3885 435 3947 Matutinnm
457 3881 648 3967 regulariter
673 3876 825 3944 dicuutur
844 3889 908 3942 tres
927 3876 1081 3940 Nocturni

79 3995 140 4039 cum
160 3995 274 4041 norem
297 3979 430 4042 Psalmis
447 3987 478 4038 et
503 3973 638 4039 totidem
656 3973 874 4052 Lectionibus,
892 3972 953 4034 hoc
971 3981 1028 4049 est,
1047 3970 1079 4032 in

78 4089 261 4158 unoquoque
276 4074 437 4137 Nocturno
453 4083 517 4134 tres
539 4072 656 4134 Psalmi
674 4079 705 4132 ot
722 4078 786 4130 tres
804 4067 983 4129 Lectiones.
