2764 4742
340 257 383 322 10
779 279 922 325 nuenton

345 511 348 517 .
390 441 521 518 Modus
534 443 655 518 breuis
668 439 910 562 eopuoseendi
923 445 1091 524 Aureum
1101 473 1292 527 tremerent

700 551 991 648 euyeesqoeonui.

382 817 522 882 Numero
545 816 632 898 enni,
651 813 698 889 ,de
714 836 779 903 quo
794 818 921 902 queris,
952 816 1036 882 adde
1053 820 1182 886 unicum
1197 807 1329 888 unitatem

340 912 370 979 1.
405 911 550 996 Exempli
595 910 719 997 gretie,
762 911 848 976 1710
884 910 968 978 edde
998 915 1037 995 1;
1080 935 1239 981 summum
1271 915 1328 980 iude

338 1005 506 1071 conflatam
534 1000 643 1086 divide
666 1025 724 1088 per
754 1005 821 1087 19;
850 1005 938 1093 quod
964 1019 1109 1093 superest
1135 1011 1197 1074 erit
1226 1010 1330 1074 Aureus

337 1097 490 1166 uumerus
519 1099 617 1184 ipsius
641 1097 742 1161 euni:
772 1098 797 1163 si
822 1099 901 1163 nihil
938 1113 1093 1187 superest,
1136 1103 1197 1167 orit
1225 1103 1329 1167 Aureus

335 1191 556 1259 0011011119.

583 1437 639 1512 De
651 1408 804 1532 Epoete's
816 1446 850 1512 et
867 1433 1093 1514 Novileurits.

308 1751 320 1767 .
375 1703 589 1794 Epeetunihil
609 1701 698 1770 uliud
725 1712 784 1788 est,
815 1725 912 1791 quem
939 1725 1091 1770 numerus
1118 1705 1331 1795 (11010111,οιιί-

331 1801 392 1868 bus
414 1799 647 1864 ennusSolaris
661 1797 839 1862 eommunis
861 1795 989 1862 dierum
1005 1801 1081 1883 565,
1110 1822 1232 1867 annum
1258 1823 1332 1868 coru·

331 1917 462 1962 munem
485 1895 645 1959 Lunarem
674 1890 801 1956 dierum
830 1893 908 1977 551,
925 1906 1065 1980 superat,
1097 1896 1140 1960 ita
1169 1908 1206 1962 ut
1228 1900 1329 1984 Epeete

330 1991 428 2079 primi
450 1989 648 2072 1011101111,
666 2009 740 2053 cum
754 1985 817 2052 hoe
833 2008 968 2052 numero
984 2009 1086 2053 annus
1112 1991 1233 2057 Solaris
1262 2011 1331 2056 coru·

331 2087 438 2152 munis
452 2085 613 2148 Lunareur
635 2104 754 2147 annum
770 2103 973 2147 communem
989 2084 1135 2167 excedat,
1148 2096 1247 2174 etque
1263 2085 1331 2150 ude-o

331 2180 478 2270 sequenti
501 2200 585 2243 anno
606 2177 777 2256 Noviiuuie
814 2177 1002 2266 contingunt
1033 2180 1071 2243 11
1098 2177 1213 2244 diebus
1244 2182 1332 2267 prius,

331 2298 429 2366 quarn
458 2295 541 2340 enno
564 2273 683 2359 primo.
699 2273 747 2336 Ex
775 2294 840 2359 quo
870 2272 917 2355 fir,
934 2273 1086 2358 Epuetam
1110 2274 1243 2339 secundi
1269 2275 1332 2338 unni

331 2371 468 2452 011011,
494 2389 566 2432 cum
593 2388 632 2430 eo
662 2387 887 2430 1010101101]
912 2387 1013 2430 annus
1039 2369 1158 2433 Soloeis
1184 2371 1333 2434 Lunareru

330 2488 450 2533 anuum
464 2473 593 2549 superet
615 2464 654 2527 11
681 2462 807 2545 diebus,
836 2463 891 2548 qui
907 2460 1008 2527 additi
1024 2461 1066 2526 ed
1092 2466 1130 2529 11
1156 2463 1225 2529 dies
1249 2463 1333 2551 primi

329 2563 416 2645 enni,
430 2559 573 2625 efficiunt
595 2560 649 2643 11,
666 2580 704 2623 10
717 2554 867 2643 proinde,
884 2557 974 2621 finito
986 2558 1049 2622 hoe
1064 2579 1160 2636 euno,
1173 2558 1334 2624 Noviluniu

329 2658 515 2744 contingere
525 2656 568 2719 11
584 2652 701 2718 diebus
715 2653 817 2739 prius,
834 2673 931 2738 quum
949 2653 1053 2738 primo
1065 2675 1148 2718 enno
1164 2677 1172 2717 :
1191 2654 1333 2739 Epaetum

328 2763 436 2818 eutem
448 2750 534 2814 tertii
548 2750 624 2812 anni
640 2770 708 2812 esse
735 2749 767 2831 5,
792 2747 915 2834 quiesi
945 2769 1054 2812 rursus
1077 2750 1115 2812 rt
1134 2746 1203 2811 dies
1232 2747 1276 2812 ud
1300 2747 1335 2810 11

327 2846 533 2934 adjicientur,
551 2841 706 2906 efficietur
720 2861 873 2904 numerus
900 2843 990 2924 55,1
1016 2864 1081 2928 quo
1106 2843 1132 2906 si
1155 2842 1336 2928 rejiciantur

328 2942 372 3007 50
381 2939 461 3021 dies,
478 2937 533 3024 qui
557 2956 653 3001 unam
681 2936 879 3000 lunationem
902 2936 1163 3000 Embolismelem
1190 2937 1335 3001 eonstitu-

328 3048 398 3117 unt,
426 3034 625 3119 reliquentur
649 3033 681 3113 5,
698 3039 794 3116 etque
816 3030 862 3094 111
889 3031 1054 3116 deinceps.
1084 3029 1337 3118 Progrediuntur

329 3131 415 3194 enirn
456 3126 581 3210 Epectae
617 3145 727 3188 omnes
752 3145 811 3209 per
838 3125 1027 3189 continuum
1058 3135 1269 3212 augmentum
1299 3123 1331 3186 11

328 3222 467 3299 dierum,
491 3217 624 3305 abjectis
640 3219 816 3300 11100150,
833 3217 963 3304 quando
988 3219 1080 3306 rejici
1106 3227 1253 3305 possunt.
1280 3219 1335 3280 So-

327 3320 394 3382 lum
410 3312 539 3402 quaudo
555 3324 745 3398 perventum
766 3314 827 3377 erit
841 3311 881 3378 ud
897 3314 1043 3378 ultimam
1065 3315 1217 3398 Epaetam
1231 3311 1336 3375 Aureo

327 3432 462 3476 nomem
488 3409 529 3472 19
552 3407 811 3493 respondentem,
829 3430 900 3495 quae
913 3419 960 3472 est
972 3409 1025 3490 19,
1044 3406 1208 3472 adduntur
1233 3408 1288 3488 11,
1305 3414 1337 3467 ut

327 3504 461 3591 abjectis
480 3503 522 3566 50
550 3524 589 3565 ex
611 3503 788 3587 composito
818 3523 953 3572 numero
979 3501 1033 3583 tt,
1049 3501 1207 3566 habeatur
1233 3517 1339 3562 rursus

326 3601 444 3685 Epeeta
470 3598 523 3676 11,
549 3597 641 3660 utin
673 3597 843 3684 principio.
873 3594 966 3678 Quod
990 3593 1063 3660 ideo
1089 3595 1135 3676 fit,
1162 3606 1199 3658 ut
1227 3595 1336 3658 ultima

326 3693 448 3758 lunatio
471 3690 698 3755 Emboiisrnieu
742 3703 891 3756 currente
922 3691 1030 3756 Aureo
1052 3711 1187 3755 numero
1220 3690 1274 3770 19,
1301 3687 1338 3750 sit

326 3796 451 3852 tentum
467 3786 509 3847 19
525 3780 664 3848 dierum.
682 3785 716 3848 Si
729 3785 815 3848 enim
841 3787 884 3850 50
910 3783 979 3848 dies
1007 3786 1197 3860 contineret,
1217 3793 1254 3846 ut
1269 3783 1336 3847 1111

327 3901 382 3944 sex
407 3877 586 3942 lunationes
610 3877 865 3960 Embolisrnieee,
890 3901 955 3942 nou
978 3875 1121 3943 redirent
1140 3926 1149 3960 ,
1167 3875 1336 3942 Novilunie

327 3985 399 4060 post
410 3973 452 4036 19
463 3991 563 4034 annos
578 3972 704 4036 Solures
721 3970 762 4036 ud
778 3971 908 4036 eosdem
924 3971 1004 4050 dies,
1018 3970 1074 4036 sed
1091 3993 1201 4038 versus
1217 3973 1335 4035 eeleeru

328 4068 486 4133 mensium
501 4065 757 4152 prolaberentur,
774 4068 1060 4154 contingerentque
1075 4088 1139 4131 uno
1151 4065 1205 4130 die
1217 4063 1337 4129 tardius

327 4184 424 4250 quum
447 4172 520 4226 ante
543 4161 585 4224 19
609 4180 720 4227 annos.
736 4163 784 4226 De
810 4183 874 4251 que
888 4184 924 4227 re
940 4164 1031 4248 plura
1045 4163 1188 4228 invenies
1204 4161 1237 4223 in
1253 4159 1335 4222 libro
