2754 4740
309 203 372 268 160
593 224 681 264 arrus
705 221 894 264 catenatum
918 221 1041 261 urssan.

308 331 372 387 tem
389 322 486 388 dicit:
506 323 692 404 Benedicitc,
719 324 820 397 Pater
841 311 1013 404 reccrande,
1039 333 1071 386 et
1094 326 1248 389 osculatur
1267 346 1310 388 co·
1363 385 1364 388 ,

308 416 428 499 chlear,
443 426 475 480 et
488 437 621 481 manum
639 415 833 480 celebrantis
848 424 922 477 ante
940 425 972 477 et
993 416 1259 501 post.'Celcbraos
1270 429 1312 482 ter

308 508 474 573 incensum
505 509 596 594 ponit
617 508 650 572 in
676 507 893 586 thuribulum,
911 504 1021 573 dicens
1037 509 1166 580 interim
1181 532 1189 574 ε
1204 510 1250 574 At
1264 511 1310 574 illo

308 601 509 682 laodicenis,
527 613 559 668 et
576 602 722 689 deposito
732 602 906 681 cochleari,
918 600 1101 688 producens
1110 626 1204 669 manu
1212 604 1312 669 dextra

307 701 435 784 signum
453 701 559 763 crucis
585 719 682 784 super
705 700 780 763 thus
804 699 836 762 in
860 698 1038 779 thuribulo,
1056 698 1137 763 illud
1150 698 1312 764 benedicit.

308 794 423 857 Postea
435 791 604 872 diaconus,
618 792 749 858 dimissa
760 795 921 876 navicula,
937 795 1052 880 accipit
1068 794 1275 874 thuribulum,
1287 805 1313 858 et

309 884 364 950 dat
379 886 571 972 celebranti,
586 888 727 952 osculata
743 887 832 971 prius
847 889 1069 952 catenularum
1084 888 1272 969 summitate,
1287 897 1314 950 et

308 1001 405 1044 manu
422 979 507 1044 illius
519 978 633 1044 dextra
647 1003 655 1044 ε
673 981 741 1066 qui,
756 981 839 1045 sacta
852 981 945 1044 Cruci
957 980 1120 1067 profunda
1131 982 1312 1061 reverentia,

308 1096 379 1139 eam
406 1085 455 1140 ter
478 1075 633 1157 incensat,
662 1075 743 1138 nihil
766 1072 895 1138 dicens:
920 1085 952 1138 et
978 1076 1061 1140 facta
1091 1076 1208 1139 iterum
1230 1073 1315 1139 Cruci

306 1170 501 1248 reverentia,
519 1169 661 1234 incensat
672 1169 783 1248 altare,
801 1178 850 1232 ter
860 1165 982 1232 ducens
994 1170 1195 1234 thuribulum
1209 1168 1312 1255 aequali

308 1261 470 1347 distantia,
493 1275 589 1350 prout
614 1263 853 1329 distribuuntur
875 1260 1082 1343 candelabra,
1098 1286 1117 1328 a
1133 1261 1237 1328 medio
1253 1261 1315 1347 ejus
1366 1295 1367 1342 l

307 1379 410 1445 usque
431 1358 473 1424 ad
496 1380 597 1424 cornu
621 1360 783 1445 Epistoloe,
804 1358 860 1421 ubi
876 1355 1015 1423 demissa
1038 1379 1149 1438 manu,
1167 1355 1317 1422 thurificat

307 1453 393 1517 illius
419 1464 615 1539 postremam
642 1464 767 1539 partem
789 1452 987 1534 inferiorem,
1015 1475 1091 1517 mox
1113 1453 1315 1539 superiorem,

307 1548 358 1614 his
374 1545 471 1614 ducto
488 1549 673 1615 thuribulo:
691 1559 724 1614 et
739 1569 914 1614 conversus
930 1547 972 1614 ad
989 1550 1101 1628 altare,
1118 1551 1247 1615 elevans
1260 1566 1317 1609 ma·
1367 1627 1368 1632 ἵ

308 1664 397 1724 num,
413 1644 556 1709 incensat
568 1644 639 1731 ejus
651 1645 829 1730 planitiem,
847 1663 905 1706 seu
921 1664 1063 1707 mensam
1080 1643 1112 1706 in
1128 1653 1220 1728 parte
1239 1652 1318 1706 ante·

227 1759 229 1764 ’
308 1737 397 1818 riori,
412 1746 461 1801 ter
472 1735 592 1802 ducens
605 1738 805 1802 thuribulum
818 1755 919 1823 usque
936 1733 977 1798 ad
989 1734 1133 1798 medium
1147 1757 1155 1797 ε
1173 1736 1229 1800 ubi
1242 1736 1318 1798 facta

309 1829 403 1895 Cruci
417 1832 610 1914 reverentia,
625 1829 831 1917 procedendo
844 1830 1006 1895 thurificat
1019 1827 1107 1893 aliud
1120 1831 1204 1894 latus
1219 1830 1318 1893 altaris

309 1925 426 2009 triplici
442 1924 542 1990 ductu
557 1947 659 2012 usque
678 1925 719 1992 ad
743 1948 844 1990 cornu
866 1926 1056 2012 Evangelii:
1082 1935 1113 1989 ct
1139 1926 1259 2011 pariter
1274 1926 1318 1988 in-

309 2029 436 2083 censato
452 2021 596 2084 inferiori
609 2030 641 2084 ct
655 2021 813 2106 superiori
828 2029 918 2105 parte
932 2019 1030 2103 ipsius
1042 2040 1143 2083 cornu
1158 2018 1317 2104 Evangelii

284 2133 288 2143 ·
309 2116 431 2203 duplici
447 2116 558 2199 ductu,
573 2115 679 2182 adhuc
695 2127 780 2182 stans
796 2117 929 2194 ibidem,
943 2118 1049 2180 elevat
1064 2116 1277 2199 thuribulum,
1290 2128 1319 2180 et

230 2235 234 2241 ·
309 2220 360 2276 tor
374 2212 517 2278 incensat
538 2213 737 2297 superiorem
756 2213 872 2277 tabulae
895 2223 1019 2297 partem
1045 2233 1156 2276 versus
1181 2212 1319 2277 medium

310 2306 430 2387 altaris,
446 2317 483 2371 ut
497 2307 574 2371 fecit
587 2307 619 2370 in
632 2297 733 2371 cornu
747 2306 896 2391 Epistolae
911 2327 919 2368 ε
937 2302 1055 2368 deinde
1069 2326 1168 2369 manu
1183 2306 1319 2394 aliquan·

309 2401 413 2464 tulum
438 2399 586 2484 demissa,
616 2402 759 2466 incensat
777 2395 980 2464 'anteriorem
1005 2399 1076 2486 ejus
1104 2411 1243 2485 partem,
1269 2422 1320 2464 seu

309 2494 459 2578 frontem,
480 2507 529 2561 ter
555 2494 676 2561 ducens
692 2495 894 2561 thuribulum
916 2493 994 2558 dum
1011 2491 1158 2578 procedit
1183 2517 1201 2558 a
1227 2515 1320 2560 cornu
1370 2513 1371 2550 t

308 2590 474 2677 Evangelii
487 2611 588 2677 usque
605 2589 646 2655 ad
661 2588 806 2654 medium
822 2589 930 2653 altaris
945 2606 959 2651 ε·
972 2599 1014 2667 et,
1026 2588 1109 2653 iacta
1126 2587 1221 2653 Cruci
1238 2609 1320 2653 reve·

310 2686 424 2764 rentia,
442 2686 584 2750 incensat
600 2685 747 2749 similiter
764 2683 880 2769 triplici
903 2679 1002 2746 ductu
1027 2682 1185 2768 reliquam
1203 2691 1321 2768 partem

310 2781 503 2844 anteriorem
522 2802 624 2868 usque
645 2779 687 2844 ad
703 2800 804 2844 cornu
818 2778 983 2864 Epistulas:
1005 2777 1062 2863 ubi
1077 2775 1207 2842 reddito
1223 2776 1322 2843 thuri·

311 2874 388 2939 bulo
405 2876 462 2960 ipsi
475 2874 624 2957 diacono,
643 2875 684 2939 ab
699 2896 737 2939 eo
750 2874 817 2960 ipse
829 2873 916 2938 solus
931 2873 1127 2936 incensatur.

355 2968 388 3032 5.
413 2969 445 3031 Si
462 2989 539 3034 vero
554 2969 587 3032 in
602 2970 694 3033 altari
707 2969 827 3032 luerint
839 2967 994 3054 reliquiae,
1008 2987 1066 3030 seu
1079 2967 1236 3052 imagines
1248 2968 1323 3031 Sao·

310 3071 447 3140 otorum,
466 3062 627 3128 incensato
635 3063 748 3145 Cruce,
761 3065 884 3127 etfacta
897 3063 926 3124 ei
942 3061 1136 3143 reverentia,
1154 3070 1322 3147 antequam

311 3153 455 3221 discedat
481 3179 501 3222 a
525 3156 634 3224 medio
665 3160 786 3237 altaris,
809 3159 951 3244 primum
976 3155 1120 3221 incensat
1145 3178 1199 3220 eas
1215 3175 1324 3243 quaa

313 3247 433 3315 dextris
448 3263 532 3335 sunt,
551 3251 584 3318 id
600 3263 647 3320 est
666 3264 789 3340 aparte
803 3252 982 3340 Evangelii,
1000 3271 1099 3337 prope
1112 3251 1262 3335 Crucem,
1279 3248 1324 3313 bis

312 3341 432 3409 ‹loceus
448 3347 649 3411 thuribulum
658 3371 667 3428 3
686 3348 850 3413 etiterum
873 3347 956 3411 lacta
967 3343 1064 3409 ¹Cruci
1079 3345 1273 3421 reverentia,
1289 3342 1326 3406 si·

315 3441 432 3504 rniliter
447 3442 589 3507 incensat
616 3443 665 3507 bis
688 3444 766 3521 alias
784 3462 856 3529 quaa
878 3452 952 3505 sunt
969 3439 1148 3521 asinistris,
1172 3439 1235 3503 hoc
1250 3446 1325 3501 csta

311 3544 402 3617 pane
417 3535 588 3620 Epistola:
613 3534 731 3600 deinde
759 3537 965 3622 prosequitur
980 3533 1234 3597 incensationem
1250 3534 1324 3596 alta-

311 3628 367 3708 ris,
385 3637 420 3692 ut
435 3631 543 3713 supra,
557 3638 607 3693 ter
618 3628 740 3696 ducens
753 3629 955 3695 thuribulum
965 3628 1205 3714 inunoquoque
1218 3630 1323 3706 latero,

314 3721 437 3786 etiamsi
464 3721 497 3784 in
523 3743 561 3786 co
585 3736 691 3790 essent
712 3727 819 3812 plures
840 3722 986 3810 reliquiae
1007 3724 1060 3801 vel
1083 3721 1251 3808 imagines,
1274 3739 1325 3782 seu

314 3816 410 3879 etiarn
427 3818 519 3901 plura
535 3819 587 3883 vel
600 3821 750 3904 pauciora
764 3817 971 3885 candelabra.

358 3911 391 3974 6.
416 3912 449 3975 Si
475 3911 508 3975 in
528 3914 620 3977 altari
637 3917 733 3980 leserit
750 3914 993 3980 tabernaculum
1009 3910 1200 3976 sanctissimi
1218 3910 1325 3974 Sacra·

313 4006 427 4085 menti,
442 4015 573 4089 accepto
596 4001 773 4091 thuribulo,
802 4021 976 4096 antequam
997 4005 1129 4092 incipiat
1144 4002 1325 4070 incensatio·

314 4118 400 4180 nem,
418 4098 620 4186 ganulleetit:
646 4100 734 4189 quod
751 4103 827 4168 item
843 4103 919 4167 lacit
935 4099 1203 4186 quotiescumque
1220 4094 1326 4162 transit

315 4207 388 4265 ante
404 4195 545 4261 vrredium
563 4196 684 4263 altaris.
