2806 4736
414 165 446 208 nr
470 165 621 207 narniens
644 165 791 208 mssaus.
1071 150 1118 211 65

95 288 152 352 pro
167 266 303 354 singulis
318 265 509 329 Sanctorum
525 262 703 343 ordinibus,
730 274 805 350 puta
821 265 1007 351 Martyrum,
1027 267 1112 332 Con-

95 362 264 442 lessorum,
278 371 339 443 ete,
357 357 429 424 duae
444 361 496 423 rel
522 360 630 445 plures
646 357 807 423 habentur
822 358 923 422 Missae
935 358 1028 445 juxta
1042 363 1109 425 Ru-

94 454 257 518 briearum
280 453 498 539 praescriptum
515 448 700 538 seligenda.
718 451 818 515 Porro
831 449 996 516 adduntur
1007 453 1110 518 Missa

95 549 219 616 Votivae
235 570 295 635 per
315 543 567 624 hebdomadam,
597 556 629 610 et
651 546 721 610 aliae
750 567 808 631 pro
832 544 968 610 diversis
994 548 1104 626 robus,

96 643 262 709 Orationes
285 641 397 708 itidem
412 640 547 706 diversoe
567 663 604 705 ae
630 637 763 703 demum
778 639 880 703 Missae
896 648 928 704 et
941 638 1111 706 Orationes

95 761 152 823 pro
167 738 348 802 Defunetis.

270 923 302 1018 i.
327 925 363 998 2.
392 924 447 999 De
464 922 697 998 distinetione
714 921 928 997 Missurum.

504 1139 580 1224 (Tit.
602 1136 706 1223 prael).

135 1349 254 1431 Quaest.
278 1349 353 1413 tua.
384 1347 543 1427 Quomodo
567 1347 751 1410 diuiduntur
776 1349 879 1411 Missos
894 1347 1012 1410 ratione
1027 1350 1106 1412 sola-

95 1445 229 1507 mnitotis
245 1441 449 1506 extrinsecae?

133 1540 175 1603 R.
189 1537 296 1602 'Missa
313 1535 503 1602 dividuntur
522 1536 555 1600 in
568 1536 727 1614 solemnes,
746 1547 886 1599 cantatos
901 1547 933 1600 et
948 1541 1101 1622 privatus.

134 1633 226 1700 Missa
239 1633 383 1698 solemnia
410 1633 626 1698 communiter
641 1631 760 1695 dieitur
785 1633 850 1712 illa,
876 1654 947 1718 quae
974 1655 1102 1699 omnem

95 1727 190 1792 habet
212 1729 448 1794 solemnitatem
464 1738 575 1794 cantus
591 1728 722 1806 scilieet,
742 1728 854 1808 thuris,
884 1729 1103 1794 ministrorum

94 1843 263 1902 sacrorum,
292 1843 468 1910 earumque
495 1823 770 1903 caeremoniarum,
799 1843 879 1908 quas
893 1825 1103 1907 praeseribunt

93 1917 237 1982 Rubrieae
251 1918 385 1982 Missalis
398 1929 429 1982 ct
444 1919 672 1982 Caeremoniale
688 1919 931 2002 Episcoporum.
995 1976 997 1979 .

135 2011 226 2076 Missa
239 2016 376 2096 priuato,
407 2022 504 2098 prout
534 2012 744 2100 distinguitur
770 2034 788 2076 a
810 2012 956 2091 solemni,
983 2023 1030 2076 est
1045 2014 1100 2078 illa

93 2126 157 2190 qua
171 2108 322 2193 privatim
339 2119 370 2173 et
386 2109 590 2194 peculiariter
613 2110 681 2172 sinc
709 2118 816 2186 cantu,
843 2129 908 2171 uno
935 2106 1102 2174 dumtaxat

94 2201 203 2266 clerieo
220 2203 435 2284 ministrante,
449 2203 516 2269 sive
535 2203 568 2266 in
581 2203 727 2282 ecclesia,
745 2202 813 2267 sive
831 2203 864 2265 in
881 2204 1020 2267 oratorio
1033 2206 1096 2290 pri-

94 2305 160 2360 vato
177 2298 371 2363 celebratur.

132 2391 223 2456 Missa
239 2405 363 2457 cantato
384 2415 441 2457 seu
471 2395 573 2459 medio
596 2392 763 2478 participat
780 2389 820 2455 de
836 2402 972 2478 utraque
987 2417 995 2474 3
1014 2414 1100 2466 nam

93 2503 159 2548 oum
174 2487 310 2550 solemni
327 2487 427 2551 hahet
442 2488 673 2569 cantum,eum
701 2486 825 2570 privata
845 2507 923 2552 vero
950 2490 1100 2552 convenit

93 2575 122 2639 in
143 2578 214 2662 hoc,
241 2577 330 2666 quod
345 2581 528 2645 celebratur
552 2582 621 2645 sine
637 2580 789 2642 ministris
812 2580 922 2657 saeris,
945 2579 1001 2642 sed
1026 2603 1098 2644 oum

72 2747 75 2752 ι
92 2689 151 2734 uno
163 2671 329 2738 dumtaxat
344 2677 395 2738 vel
412 2673 539 2740 duobus
555 2674 721 2760 acolythis.

132 2766 242 2847 Quoad
258 2769 385 2832 Missam
403 2769 656 2848 Conveni-uolam,
673 2779 720 2832 est
737 2769 791 2832 illa
808 2789 878 2854 quae
900 2767 932 2830 in
948 2769 1097 2832 Ecclesiis

93 2861 335 2944 cathedralibus,
355 2865 532 2951 collegiatis
548 2876 580 2929 et
595 2863 861 2929 conventualibus
877 2859 1020 2948 quotidie
1044 2885 1097 2926 or-

93 2951 227 3018 lcbratur
237 2955 330 3042 juxta
348 2957 494 3022 ordinem
511 2959 627 3024 Officii.
642 2959 767 3026 Dicitur
781 2957 1006 3039 Conventualis
1023 2963 1098 3044 quia

93 3052 273 3115 acanonieis
285 3074 358 3116 cum
377 3054 454 3117 oleri
471 3064 632 3120 eortventu
647 3053 829 3117 celebratur
842 3063 873 3125 et
888 3051 984 3115 Horis
1001 3073 1098 3116 eano-

93 3142 165 3206 nicis
189 3146 375 3232 respondet.
392 3150 490 3214 Plura
509 3173 526 3214 a
548 3149 699 3215 Rubricis
722 3146 951 3227 decernuntur,
970 3168 1041 3233 quae
1056 3147 1097 3210 ad

93 3233 168 3302 hanc
184 3241 310 3304 Missam
341 3243 512 3327 pertinent,
531 3244 693 3329 praeeipue
710 3244 772 3306 Tit.
791 3243 850 3320 lll,
868 3243 925 3322 IV,
943 3243 972 3307 V
989 3252 1020 3304 et
1037 3243 1094 3307 Vt.

134 3337 246 3420 Quaest.
267 3345 342 3408 toa.
365 3345 592 3430 Quotuplicitrr
607 3347 816 3433 distinpmtur
828 3348 924 3408 Misso
939 3345 973 3406 in
993 3345 1096 3406 Titolo

89 3430 286 3517 pruliminiro
300 3437 533 3504 Rubricorum?

133 3527 171 3590 R.
188 3531 224 3592 ln
243 3532 386 3597 Rubriea
417 3535 623 3619 praeliminari
647 3530 855 3620 distinguitur
884 3527 978 3592 Missa
1001 3538 1095 3613 prout

94 3626 205 3686 astrol
227 3627 392 3714 conformis
418 3629 527 3716 Officio
554 3651 610 3694 san
636 3630 731 3693 Horis
757 3623 930 3693 canonicis.
955 3624 1007 3687 vel
1033 3643 1095 3686 non

92 3717 247 3800 conformis
263 3721 371 3809 Officio
383 3726 530 3810 sequenti
544 3725 640 3790 modo
655 3749 662 3788 :
