2750 4738
436 210 612 258 nnavtsnn.
986 199 1028 266 85

32 319 116 397 rium,
132 329 163 385 et
185 319 342 407 Hymnus,
359 320 391 384 io
406 316 521 384 Feriuli
537 315 649 382 Officio
666 315 706 382 dc
722 317 826 404 Feria,
843 321 868 386 si
884 343 949 388 non
966 325 1031 390 sint

32 415 58 474 io
84 415 222 500 Proprie·
239 412 281 478 de
304 415 471 500 Tempore,
493 409 647 476 dicuntur
673 423 709 477 ut
740 413 771 478 io
798 416 968 485 Psalterio:
993 421 1026 486 in

31 507 129 590 Festis,
146 508 186 572 de
202 509 309 590 Festo,
325 510 409 574 utin
432 506 601 572 Communi
618 507 820 574 Sanctorumr
831 507 949 574 deinde
963 513 1030 580 Νο-

29 613 163 666 cturnum
178 605 292 686 Feriae,
306 615 342 668 ut
356 603 389 668 io
404 602 572 682 Psalterio,
591 599 624 664 id
641 613 699 682 est,
718 600 889 670 duodecim
907 605 1028 672 Psalmi

29 717 91 760 cum
105 719 158 762 sex
173 698 380 785 Antiphonis,
391 708 429 764 ct
445 709 589 782 tempore
605 697 750 762 Paschali
768 719 919 764 eumuna
933 699 1028 767 Auti-

29 792 122 874 phona
136 792 297 880 Allelujat
313 795 369 882 qui
381 792 533 858 dicuntur
546 801 609 858 tam
623 793 654 856 in
667 791 778 858 Officio
790 794 920 880 Pericli,
931 817 1027 884 quam

27 885 54 948 in
67 886 162 952 lestis
173 889 392 976 simplicibus.
411 937 413 941 ,

63 980 584 1070 8.PostPsalmos,etAutiphonas
595 979 713 1048 dicitur
723 983 895 1067 Versus,in
908 985 933 1054 F
936 986 1025 1053 eriali

27 1071 135 1155 Officio,
162 1089 200 1144 ut
215 1079 248 1142 in
264 1078 437 1161 Psalterio;
471 1078 503 1142 in
524 1077 637 1160 lestis,
654 1089 689 1144 ut
711 1078 743 1142 in
759 1078 928 1148 Communi
946 1081 1025 1146 San·

26 1179 153 1236 olorum:
170 1175 228 1261 qui
245 1177 278 1242 in
293 1177 395 1242 Festis
410 1177 547 1240 sumitur
562 1174 739 1240 secundum
755 1176 863 1242 Furias
886 1199 926 1242 cx
941 1179 1024 1244 Noe-

27 1269 106 1327 turnu
118 1265 314 1352 Communis,
328 1269 415 1336 unde
427 1279 599 1334 sumuntur
608 1270 838 1356 Responsoria,
851 1282 886 1337 ut
897 1271 1024 1340 dicetur

25 1355 94 1422 inira
110 1361 139 1424 in
151 1363 305 1429 Rubricis
323 1365 363 1430 de
380 1366 536 1433 Versibus
559 1366 836 1452 etllesponsoriis.
852 1368 929 1433 Post
939 1369 1021 1436 Ver·

24 1470 82 1517 sum
97 1452 215 1523 dicitur
235 1461 333 1526 Pater
348 1471 467 1542 noster,
486 1460 653 1526 Absolutio
670 1472 701 1526 et
714 1459 973 1547 Benedictiones,
986 1475 1021 1529 ut

23 1543 144 1614 habetur
154 1551 240 1616 inira
253 1553 286 1620 in
294 1555 437 1621 Robrica
449 1554 490 1620 de
501 1554 766 1620 Absolutionibus
777 1556 1020 1624 ctBencdictiu·

22 1638 113 1704 uibus.
130 1643 206 1708 Tres
221 1647 389 1713 Lectiones
418 1649 457 1736 (si
474 1670 538 1714 non
555 1647 638 1714 adsit
651 1646 806 1734 Humilia)
826 1649 960 1738 singula
984 1651 1017 1718 in

22 1731 118 1799 Olicio
134 1738 253 1804 Feriuli
270 1742 423 1807 dicuntur
439 1741 480 1808 de
498 1743 676 1828 Scriptura,
693 1761 765 1828 quae
781 1762 819 1806 eo
835 1739 888 1806 dic
904 1764 1018 1830 occur·

21 1826 54 1890 rit
68 1829 94 1892 io
106 1831 241 1919 Proprio
258 1834 298 1900 de
313 1838 486 1926 Tempore:
504 1838 529 1900 si
545 1837 628 1902 adsit
639 1837 792 1915 Humilia,
808 1837 941 1924 singulm
954 1849 1017 1906 tres

21 1918 52 1983 dc
65 1925 212 1995 llomilia.
229 1933 265 1994 In
281 1933 395 2016 Festis,
409 1935 511 2020 prima
524 1943 555 1996 et
567 1930 708 1998 secunda
721 1931 762 1996 dc
775 1930 890 1996 cadem
906 1933 1016 2020 Scrip-

20 2023 88 2098 tura,
115 2023 210 2087 tertia
232 2022 273 2088 dc
304 2027 432 2091 Sancto.
473 2028 505 2091 Si
532 2026 654 2089 lucrant
683 2024 754 2090 duae
783 2027 950 2091 Lectiones
973 2026 1014 2092 de

20 2107 129 2265 gructa,
153 2117 259 2201 prima
291 2129 414 2186 tantum
445 2120 507 2186 crit
532 2117 573 2184 dc
604 2118 781 2202 Scriptum,
815 2119 948 2206 reliquae
972 2119 1014 2186 dc

37 2219 128 2276 aucto.

54 2315 80 2378 9.
102 2319 176 2384 Post
213 2322 354 2410 singulas
383 2324 552 2388 Lectiones
585 2322 618 2388 in
647 2323 748 2412 Feriis
770 2333 858 2388 extra
873 2325 1012 2412 Tempus

19 2409 152 2479 Paschale
178 2416 300 2484 dicitnr
327 2440 428 2484 unum
454 2419 720 2506 Responsorium,
747 2419 788 2483 ita
812 2428 848 2483 ut
863 2416 1012 2484 dieantur

19 2509 63 2571 trio
77 2511 302 2598 Responsuria:
321 2517 479 2602 Tempore
497 2537 575 2582 vero
591 2514 750 2592 Paschali,
781 2525 814 2579 et
838 2515 871 2579 in
895 2515 1008 2599 Festis,

19 2598 67 2666 duo
93 2616 215 2672 tantum
244 2612 460 2698 Responsoria
488 2609 654 2694 dicuntur,
687 2610 808 2675 scilicet
840 2620 910 2694 post
947 2611 1010 2696 pri·

18 2715 84 2762 mam
107 2712 138 2766 et
167 2705 343 2772 secundam
374 2708 559 2772 Lectionem
586 2715 722 2772 tantum.
756 2706 792 2768 In
818 2705 882 2769 fine
903 2705 1008 2770 ultimi

18 2789 216 2879 Responsorii,
247 2801 382 2868 secundi
405 2803 540 2882 scilicet,
561 2813 616 2868 aut
631 2802 729 2879 tertii,
750 2799 869 2866 dicitur
898 2801 1007 2866 Gloria

19 2883 94 2969 Patri,
125 2913 198 2956 cum
234 2897 428 2980 repetitione
458 2899 556 2982 panis
586 2894 807 2980 Responsorii,
834 2894 893 2958 nisi
917 2893 1006 2959 aliud

18 2989 133 3047 notetur.
165 2986 246 3068 Qum
275 2991 490 3075 Responsoria
523 2992 555 3056 io
586 2989 697 3055 Officio
723 2985 763 3052 dc
796 2987 921 3052 Sanctis
951 3009 1005 3052 su·

18 3086 124 3140 muntur
153 3101 195 3143 ex
226 3081 394 3150 Communi
425 3086 642 3167 Sanctorum3
685 3083 717 3146 io
745 3081 862 3146 Feriali
891 3080 1004 3148 Officio

18 3185 45 3230 er
67 3171 246 3256 Dominicis,
275 3176 405 3263 quando
433 3180 561 3263 proprio
592 3199 650 3262 per
670 3176 778 3241 Ferias
800 3196 864 3240 non
891 3174 1001 3238 distri·

17 3257 147 3346 ittuntur,
169 3269 285 3334 ordine
300 3269 459 3357 descripto
486 3273 518 3336 iu
535 3271 678 3337 Rubrica
700 3269 743 3332 dc
763 3268 998 3354 Responsoriis.

17 3355 126 3436 Quando
139 3385 201 3429 noo
219 3364 338 3431 dicitur
355 3368 484 3432 tertium
499 3365 762 3452 Responsorium,
787 3373 858 3449 post
873 3363 998 3428 tertiam

17 3447 172 3522 lectionem
182 3458 305 3524 dicitur
319 3461 464 3547 Hymnus
481 3463 524 3526 Te
536 3463 640 3524 Deum
653 3458 835 3526 laudamus.

282 3727 326 3803 X
324 3730 346 3804 I
351 3729 390 3804 V.
422 3732 478 3806 Da
499 3730 700 3808 Lorulibus.

46 3999 72 4064 i.
90 4002 135 4069 tu
163 4007 302 4091 Laudes,
333 4009 420 4076 dicto
445 4012 572 4098 Hymno
597 4011 642 4075 Te
668 4009 783 4092 Deum,
807 4006 858 4075 vcl
879 4007 992 4074 ultimo

15 4085 210 4180 Responsorio,
242 4102 521 4170 Hebdomadarius
551 4105 696 4171 absolute
724 4103 829 4170 dicit:
852 4105 938 4168 Dens
958 4103 990 4169 in
