2750 4738
472 279 648 322 susurnnn.
1020 253 1060 320 97

52 392 172 444 storum
185 379 398 463 assignantur,
414 389 446 444 et
457 378 586 466 quando
599 381 631 444 in
649 380 757 469 aliqua
769 380 910 445 Ecclesia
927 377 1060 466 aliquod

51 476 177 538 Festum
190 472 373 536 celebratur
382 494 454 537 cum
469 495 586 540 novem
597 475 813 558 Lectionibus,
829 475 904 561 quia
920 473 953 536 in
966 493 1003 537 ca
1016 482 1064 536 est

52 569 205 649 solemne,
223 577 278 631 aut
293 577 480 631 consuetum
497 569 530 632 in
554 591 590 632 ea
608 569 776 650 celebrari,
794 567 880 655 quod
904 567 1061 654 proprias,

53 674 83 727 ct
97 664 289 750 approbatas
304 660 345 724 de
359 662 452 727 Festo
467 665 634 730 Lectiones
649 687 713 730 non
728 663 892 728 habuerit.

94 759 148 822 te.
161 758 329 822 Lectiones
341 759 433 842 primi
445 761 599 824 Nocturni
610 762 763 848 leguntur
773 781 845 825 cum
859 761 950 824 titulo
963 759 1063 844 Libri,

53 875 91 916 ex
113 875 178 940 quo
204 863 384 935 sumuntur,
402 855 462 918 nisi
484 857 577 920 aliter
599 856 631 920 in
655 856 792 944 propriis
817 857 896 920 lucis
923 867 1063 921 notetur.

54 949 220 1013 Lectiones
235 949 331 1012 etiam
347 949 479 1013 secundi
491 951 657 1036 Nocturni,
672 950 802 1038 quando
818 961 892 1015 sunt
905 973 943 1016 ex
958 953 1065 1039 aliquo

54 1045 221 1125 Sermone,
246 1046 299 1107 vel
314 1045 474 1125 Tractatu,
490 1047 643 1134 leguntur
657 1067 730 1111 cnm
753 1047 857 1128 titulo,
882 1057 914 1111 et
938 1049 1066 1111 nomine

55 1137 221 1202 Auctoris:
254 1139 330 1204 alias
346 1140 490 1204 minime.
513 1142 551 1205 Et
567 1141 713 1206 similiter
732 1147 765 1205 in
784 1142 878 1206 tertio
905 1143 1066 1207 Nocturna

56 1235 252 1318 preponitur
267 1235 377 1299 titulus
392 1234 551 1318 Auctoris,
570 1235 662 1322 cujus
678 1246 726 1300 cst
739 1237 891 1300 Humilia.

97 1330 151 1392 ll.
177 1330 216 1391 In
229 1329 292 1392 fine
304 1329 460 1416 cujusque
474 1331 633 1395 Lectionis
649 1328 779 1406 dicitur,
797 1332 843 1394 Tu
860 1341 977 1411 autem,
1002 1333 1067 1395 llo-

57 1423 152 1504 mine,
165 1425 321 1487 miserere
337 1424 440 1506 nobis,
458 1435 489 1488 et
500 1423 726 1511 respondetur,
744 1427 811 1490 Deo
826 1426 955 1511 gratias.
974 1424 1068 1508 Quod

57 1519 151 1582 ctiam
166 1519 203 1582 fit
221 1519 253 1582 in
266 1519 471 1583 Lectionibus
486 1518 694 1606 brevibus,in
712 1521 870 1606 principie
887 1520 1068 1606 Complctu·

56 1612 104 1694 rii,
119 1622 151 1676 et
165 1613 199 1676 in
217 1612 278 1676 fine
293 1613 409 1677 Primae
421 1624 493 1699 post
504 1616 667 1700 Pretiosa;
681 1625 894 1701 praeterquam
907 1615 939 1678 in
951 1613 1069 1679 Triduo

57 1705 186 1792 majoris
201 1706 424 1772 Hebdomades
440 1719 513 1773 astte
528 1710 663 1790 Pascha,
682 1720 715 1774 et
730 1709 761 1772 in
775 1709 887 1774 Officio
898 1710 1068 1774 Defuncto·

57 1823 137 1882 rum,
156 1813 194 1866 ut
207 1803 270 1866 suis
285 1803 363 1867 locis
378 1805 518 1888 ponitur.

127 2091 303 2169 XXVII.
338 2093 394 2170 De
419 2093 775 2196 Responsort'tspost
792 2093 992 2172 Lectiones

99 2373 131 2434 l.
156 2370 375 2456 Responsoria
386 2369 538 2435 dicuntur
549 2369 589 2434 ad
602 2371 794 2436 Matutinum
805 2381 876 2458 post
889 2372 1068 2437 Lectiones:

60 2463 91 2527 id
107 2478 168 2545 est,
187 2475 257 2550 post
272 2465 450 2552 quamlibet
464 2466 648 2530 Lectionem
674 2465 794 2532 dicitur
808 2488 908 2533 unum
923 2468 1071 2553 Respon-

61 2563 191 2641 sorium,
203 2569 239 2624 ut
255 2560 351 2624 infra.

75 2708 77 2720 .
100 2658 132 2720 2.
150 2658 189 2719 ln
202 2655 302 2720 Pestis
325 2677 441 2723 novem
468 2656 655 2721 Lectionum
682 2657 908 2744 (preterquam
925 2657 957 2719 in
978 2659 1071 2720 Festo

62 2750 248 2815 Sanctorum
263 2751 498 2831 innocentium,
517 2749 645 2838 quando
662 2773 725 2815 nou
741 2752 865 2816 venerit
887 2753 917 2814 in
931 2752 1074 2814 Domini-

62 2842 118 2927 σε),
132 2855 164 2909 et
176 2846 208 2908 in
220 2846 395 2908 Dominicis
407 2845 448 2908 ab
460 2845 580 2910 Octava
592 2846 722 2909 Paschae
736 2845 904 2924 inclusive,
917 2866 1019 2932 usque
1032 2844 1070 2908 ad

62 2937 243 3005 Adventum
260 2941 434 3022 exclusive,
452 2950 513 3003 eta
529 2940 693 3004 Dominica
710 2941 792 3004 infra
819 2938 972 3005 Octavam
989 2940 1072 3003 Nati·

63 3033 167 3098 vitatis
183 3034 350 3116 inclusive,
369 3033 523 3121 usquead
537 3036 811 3120 septuagesimam
827 3035 1000 3116 exclusive,
1025 3031 1073 3096 di-

44 3143 47 3151 ·
64 3139 176 3192 cuntur
191 3139 263 3193 octo
275 3138 399 3192 tantum
410 3129 638 3214 Responsoria.
652 3131 690 3194 Et
701 3130 734 3193 in
746 3129 808 3192 fine
826 3129 923 3208 tertii,
940 3128 1072 3206 etsexti,

66 3232 94 3286 et
107 3223 223 3304 octavi,
239 3221 356 3287 dicitur
371 3222 479 3288 Gloria
489 3224 588 3306 Patri,
603 3245 676 3287 cum
693 3223 884 3308 repetitione
903 3223 999 3308 partis
1011 3223 1074 3286 Re·

65 3319 232 3410 sponsorii:
243 3316 330 3402 qnod
341 3320 489 3404 regulare
502 3329 549 3382 est
561 3319 593 3382 in
607 3318 669 3381 fine
681 3318 785 3382 ultimi
796 3317 1004 3402 Responsorii
1018 3337 1075 3380 cu-

62 3410 192 3496 jusllhet
199 3413 363 3495 Nocturni,
372 3423 436 3476 tam
445 3412 477 3474 in
486 3411 834 3498 Officionovem,quam
847 3411 943 3475 trium
952 3411 1075 3474 Lectio·

67 3504 1076 3593 num3exceptolcmporePassionis,quoTemporelocuGloria

66 3601 160 3682 Patri,
173 3602 326 3686 repetitur
340 3601 592 3686 Responsorium
606 3623 624 3664 a
639 3602 814 3686 principius
833 3609 965 3685 excepto
979 3599 1075 3665 etiam
1127 3645 1129 3649 -

68 3694 175 3760 Officio
190 3697 433 3776 Defunctorum,
450 3695 542 3782 cujus
556 3698 626 3760 loco
643 3693 772 3774 dicitur,
796 3695 958 3781 Requiem
982 3705 1075 3758 eeter-

70 3810 151 3868 nam,
169 3801 229 3854 ete.
247 3791 310 3871 Qui
337 3792 456 3859 Versus
478 3791 584 3856 Gloria
611 3791 709 3874 Patri,
740 3788 932 3876 quibusdam
962 3787 1076 3852 diebus

71 3879 182 3948 dicitur
199 3885 232 3948 in
247 3886 352 3970 primo
373 3886 599 3970 Responsorio,
617 3887 700 3950 utin
719 3886 854 3970 propriis
875 3885 952 3948 locis
979 3905 1078 3948 anno-

72 3986 164 4042 tatur.
180 3981 256 4043 Post
273 4002 390 4044 nonam
404 3981 601 4060 Lectionem,
619 3977 779 4066 praedictis
803 3977 928 4062 diebus,
947 3976 1077 4066 quando
1159 3984 1161 3988 '

74 4082 139 4137 octo
162 4084 283 4138 tantum
308 4073 459 4140 dicuntur
487 4076 715 4162 Responsoria,
742 4073 927 4138 immediate
961 4073 1079 4136 dicitur

75 4165 211 4252 Hymnus
226 4170 268 4232 Te
281 4170 398 4234 Deum«
501 4231 502 4234 ,

128 4316 136 4322 —
202 4299 284 4338 QUKST.
297 4300 318 4332 lll
330 4300 380 4332 nus.
876 4271 896 4332 9
