2794 4728
495 197 670 242 eusvrnnn.
883 209 889 226 ·
1047 172 1090 240 75
1171 251 1177 275 ¹

80 299 220 366 loannis.
261 297 336 362 Dies
362 306 468 362 autem
495 298 615 366 Octava
637 299 737 365 sarreti
765 298 897 362 Joauuis
929 307 1003 364 tune
1032 320 1089 364 ve·
1178 303 1181 312 ¹

81 397 165 459 niens
187 394 222 457 in
250 391 303 456 die
326 393 446 458 Octava
465 393 613 478 Corporis
644 393 772 473 Christi,
790 415 854 458 nou
884 394 1086 476 transfertur,

80 487 128 552 sed
160 487 201 550 de
240 487 295 550 illa
331 508 369 550 eo
406 509 490 551 auno
527 489 562 553 lit
598 500 719 557 tantum
753 487 1020 554 Commemoratis
1055 489 1087 553 iu

80 585 221 668 utrisque
252 583 404 666 Vesperis
431 593 462 647 et
487 582 652 649 Laudibus
681 583 745 647 diei
780 584 908 649 Octavae
940 583 1089 669 Corporis

80 679 213 759 Christi;
245 687 277 742 et
304 677 338 739 id
364 699 492 762 semper
518 690 677 760 servetur,
704 675 833 766 quande
871 679 1000 742 Festum
1030 679 1088 742 lra-

80 773 155 836 beus
178 772 335 836 Octavam
365 773 575 855 transfertur5
611 783 735 837 utnon
761 771 834 834 ideo
863 771 932 834 dies
967 769 1088 836 Octava

81 866 298 946 transferatur,
328 864 384 928 sed
415 867 480 950 ipsa
511 865 565 930 die
592 867 633 930 de
663 889 701 930 ea
723 866 778 930 liat
804 865 1085 940 Commemoratis,

81 983 147 1046 quae
169 961 248 1023 alias
264 970 332 1023 erat
351 959 482 1038 Octava,
507 961 532 1023 si
559 961 689 1024 Festum
719 981 782 1023 uon
808 960 920 1022 fuisset
950 961 1087 1024 transla-

78 1063 152 1116 tum.
186 1050 282 1133 Quod
299 1057 324 1116 si
341 1055 468 1116 Festum
486 1063 556 1140 post
582 1064 680 1118 totam
707 1075 796 1117 suam
813 1054 966 1118 Octavam
984 1063 1085 1117 trans·

75 1147 144 1210 ferri
162 1147 346 1232 eontigerit,
363 1148 417 1210 illo
433 1169 516 1212 arrrro
547 1150 732 1212 celebretur
758 1149 826 1211 siue
856 1146 995 1212 Octava:
1025 1149 1085 1214 uisi

75 1241 219 1304 Titularis
233 1241 386 1304 Ecclesiae,
396 1243 566 1328 privilegio
582 1245 675 1308 aliter
690 1241 759 1306 lieri
785 1250 942 1327 oporteat.

113 1339 146 1399 2.
172 1337 205 1399 si
222 1337 255 1399 in
270 1334 322 1398 die
345 1336 466 1401 Octava
485 1338 620 1422 alicujus
635 1339 720 1402 Festi
746 1337 894 1402 habentis
929 1336 1084 1403 Octavam

74 1441 216 1492 occurrat
237 1428 366 1517 aliquod
383 1432 511 1495 Festum
528 1432 655 1516 Duplex
679 1451 719 1494 ex
748 1429 925 1515 majoribus
941 1451 1036 1516 supra
1051 1433 1083 1496 in

73 1524 214 1588 Robrica
243 1522 284 1586 de
322 1523 685 1589 Commemoratiouibus
717 1525 925 1606 enumeratis,
960 1526 1013 1594 liat
1043 1525 1083 1590 de

73 1615 163 1680 Festo
183 1637 258 1680 cnm
274 1615 582 1683 Commemoratione
609 1618 673 1682 diei
701 1618 851 1683 Oetavae:
880 1629 1012 1703 excepta
1030 1619 1083 1684 die

73 1709 192 1775 Octava
208 1711 389 1775 Natiuitatis
403 1713 533 1776 Domini
549 1713 789 1798 ctEpiplrauiu’,
816 1712 848 1773 iu
878 1712 996 1796 quibus
1019 1735 1082 1776 non

72 1804 104 1868 fit
114 1802 157 1868 de
172 1806 280 1892 alique
296 1806 401 1884 Festo,
421 1805 478 1870 sed
491 1808 680 1872 transfertur
694 1807 727 1870 iu
744 1806 879 1890 primam
892 1804 978 1870 diem
993 1805 1083 1868 simi·

73 1898 144 1962 liter
159 1922 223 1963 nou
236 1898 435 1986 impeditam.
460 1902 491 1964 Si
510 1911 617 1966 autem
640 1921 705 1964 nou
734 1900 831 1964 luerit
856 1919 896 1964 ex
927 1897 1084 1983 psraedictis

72 1991 183 2069 Fastis,
199 1993 254 2060 liat
268 1992 309 2056 de
332 1994 464 2078 Octava,
482 2004 514 2058 ct
528 1995 656 2058 Festum
672 1993 892 2076 transferatur,
923 2002 1080 2077 utsupra.

112 2088 148 2150 5.
172 2088 204 2150 Si
219 2087 351 2174 aliquod
378 2090 506 2153 Festum
529 2090 655 2174 Duplex
686 2088 769 2152 iufra
796 2087 949 2154 Octavam
974 2107 1083 2151 occur·

72 2203 157 2258 rens,
174 2184 238 2246 alie
255 2184 370 2268 majori
385 2185 478 2248 Festo
499 2185 625 2269 Duplici
647 2182 851 2268 impedietur,
875 2181 1083 2256 transferatur

72 2275 102 2336 iu
118 2277 256 2358 primam
273 2275 360 2340 diem
376 2277 521 2342 similiter
550 2296 613 2340 non
641 2273 839 2360 impeditam,
861 2286 893 2340 ot
915 2276 948 2338 iu
965 2295 1002 2337 eo
1028 2275 1082 2339 liat

71 2367 337 2436 Commemoratio
354 2371 394 2436 dc
410 2372 543 2437 Octava.

112 2465 145 2526 t.
170 2465 202 2529 Si
219 2467 252 2530 iu
266 2467 335 2530 aliis
346 2467 519 2532 Dominicis
536 2487 592 2552 per
608 2485 727 2528 erenum
739 2471 757 2527 a
770 2461 959 2548 supradictis
974 2483 1081 2528 oecur-

71 2558 257 2622 rathstum
273 2561 412 2644 Duplex,
430 2580 494 2652 npn
512 2559 714 2637 transfertur,
724 2568 760 2622 ut
771 2555 892 2621 dictum
909 2566 956 2620 est
967 2555 1000 2618 iu
1011 2559 1081 2621 Ru·

70 2650 157 2716 brica
168 2651 210 2716 de
228 2653 606 2719 commemorationibus.

113 2746 145 2809 5.
170 2748 299 2812 Festum
316 2748 525 2834 Semiduplcx
547 2769 717 2813 occurrens
734 2745 847 2810 dicbus
877 2744 1077 2830 supradictis,

72 2848 101 2901 et
113 2841 195 2905 inira
211 2835 365 2907 Octavam
382 2843 530 2929 Corporis
546 2843 674 2925 Christi,
701 2852 732 2904 ct
747 2842 817 2905 aliis
831 2841 1004 2904 Dominicis
1024 2863 1081 2924 per

68 2937 393 3018 anuum,transiertur
409 2940 440 3001 in
460 2941 594 3024 primam
610 2937 696 3000 diem
712 2937 807 3000 simili
823 2936 933 3000 Officio
944 2957 1006 2998 non
1023 2936 1080 2999 im·

71 3027 226 3110 peditamt·
240 3052 412 3095 occurrens
427 3054 504 3098 vero
522 3034 554 3095 iu
570 3031 743 3096 Dominicis
756 3029 916 3092 inlraillas
931 3029 1078 3106 Octavus,

71 3122 102 3184 in
115 3125 232 3214 quibus
247 3128 282 3190 lit
293 3125 334 3190 de
346 3129 445 3193 Festis
457 3128 699 3194 occurrentibus
713 3127 762 3214 (ut
772 3125 895 3190 dictum
908 3136 954 3190 est
967 3126 998 3189 in
1009 3129 1080 3190 Ru·

70 3214 160 3280 brica
173 3216 214 3281 de
234 3220 388 3306 Octavis),
410 3224 598 3286 trauslertur
613 3223 646 3284 iu
665 3230 852 3307 sequentem
881 3218 979 3298 diem,
1005 3243 1078 3285 cum

70 3309 379 3380 Commemoratione
394 3316 544 3399 Octarae5
562 3337 644 3406 quae,
662 3315 802 3378 siluerit
820 3313 883 3378 alio
899 3315 989 3377 Festo
1012 3317 1079 3379 Du·

13 3409 14 3412 ’
70 3405 146 3490 plici
159 3410 209 3472 vel
224 3409 433 3496 semiduplici
449 3409 614 3497 impedita,
633 3408 820 3495 pradictum
835 3409 963 3471 Festum
980 3409 1079 3472 Semi·

71 3499 190 3585 duplex
209 3505 342 3568 ueniens
358 3508 391 3569 in
408 3508 586 3586 Dominica,
604 3503 796 3571 transfertur-
818 3511 890 3588 post
911 3502 1076 3580 Octavam,

73 3595 116 3658 ita
133 3607 166 3661 ut
179 3599 308 3664 Festum
324 3600 532 3688 Semiduplex
545 3603 627 3665 iufra
643 3601 796 3664 Octavam
819 3618 883 3662 nou
904 3598 1079 3663 transiera-

74 3699 138 3766 tur,
154 3691 211 3756 nisi
228 3693 259 3755 iu
275 3697 419 3779 proxime
434 3708 620 3782 sequentem
634 3693 732 3760 diem.

117 3783 151 3846 6.
174 3785 205 3848 Si
222 3785 287 3850 due
305 3792 355 3854 vel
373 3792 463 3873 plura
479 3791 570 3854 Festa
582 3811 696 3854 novem
712 3788 898 3852 Lectionum
912 3786 1008 3849 simul
1023 3803 1080 3849 eo·

73 3872 150 3938 dem
177 3877 230 3942 die
257 3883 400 3960 veniant,
424 3883 478 3949 liat
506 3885 650 3948 Officium
677 3881 718 3946 de
747 3881 875 3968 majori,
899 3879 1013 3961 idest,
1037 3879 1079 3943 de

72 3971 210 4056 Duplici,
227 3984 260 4038 et
285 3977 514 4063 semiduplicia
530 3979 773 4043 transferantur.
791 3976 834 4039 Aa
846 3976 873 4038 si
891 3975 997 4037 omnia
1011 3974 1079 4036 ine·

75 4064 142 4128 rint
162 4070 318 4156 Duplieia,
331 4074 384 4138 vel
400 4074 505 4138 omnia
522 4071 761 4160 Semiduplicia,
778 4071 832 4136 liat
856 4069 897 4134 de
925 4068 1076 4156 digniori,
