2806 4736
302 195 366 258 tto
619 257 630 272 ,
722 209 916 258 aunsrrouas

305 316 412 381 tabula
426 337 483 381 seu
499 334 614 395 mensu,
633 321 666 376 ct
681 320 841 377 structura
868 313 1015 378 infcriori
1039 333 1096 376 sen
1123 315 1233 398 stipite,
1261 313 1307 377 eui
1379 387 1381 389 ¹

304 434 416 477 mensa
449 411 647 500 imponitur..
672 411 708 471 ln
735 407 837 472 'Alteri
865 409 929 474 fixo
958 431 1071 473 mensa
1088 408 1308 475 cst-ordinarie

305 529 441 594 maguus
453 507 545 592 lapis,
559 505 614 591 qui
628 503 729 588 stipiti
744 502 788 567 ita
801 501 946 569 adhraret
960 515 997 569 ut
1012 525 1114 568 unum
1130 514 1226 568 totum
1242 525 1308 568 curn

305 623 343 664 co
361 601 476 665 efficiat
485 624 494 682 ;
522 599 632 663 Altare
646 618 723 662 vero
741 599 892 680 portatile
906 608 954 661 est
966 598 1104 682 simplex
1115 598 1195 683 lapis
1205 619 1309 662 conse·

205 709 207 714 '
305 705 422 775 cratus,
441 693 495 780 qni
519 713 649 774 mensae,
677 713 716 753 cx
745 690 833 776 ligno
860 692 963 757 aliave
991 691 1124 755 materia
1152 692 1304 770 conlecta,

304 789 426 874 absque
444 810 527 851 nexu
541 788 734 873 plerumque
750 785 917 850 inseritur.
934 787 1120 860 Essentialis
1136 797 1239 851 tamen
1252 785 1305 848 dil·
1383 859 1384 862 Ἴ

304 883 442 947 ferentia
459 883 543 946 inter
558 891 734 966 utrumque
749 880 861 944 Altarc
884 881 1025 944 habetur
1054 881 1087 942 in
1110 880 1306 944 unctionibus
1383 955 1384 960 ἵ

285 967 422 1065 'quibus
438 988 613 1062 utrumque
637 985 845 1040 consecratur
863 999 871 1039 ε
890 975 1009 1039 etenim
1030 972 1142 1038 Altare
1168 974 1304 1060 portatile
1383 969 1384 1042 ζ

302 1075 335 1138 in
361 1063 534 1158 superficie
564 1071 732 1135 dumtaxat
753 1091 843 1135 sacra
866 1070 981 1134 linitur
1001 1069 1155 1134 unctione
1163 1093 1173 1152 3
1204 1077 1304 1132 contra
1383 1133 1384 1138 γ

304 1189 381 1235 vero
401 1169 434 1232 in
448 1165 551 1232 Alteri
562 1165 626 1228 lixo
643 1164 706 1228 alia
719 1160 897 1228 adhibetur
913 1183 1003 1228 sacra
1018 1164 1141 1246 unctio,
1154 1185 1217 1249 qua
1231 1161 1303 1247 lapis

304 1257 336 1326 in
352 1262 480 1348 angulis
502 1257 712 1345 conjungitur
728 1267 760 1322 et
771 1259 978 1322 connectitur
993 1277 1072 1322 cum
1101 1254 1303 1320 infcrioristi-
1383 1275 1384 1278 ’

304 1357 381 1442 pite,
400 1365 497 1442 atque
510 1353 572 1417 boc
588 1362 681 1438 pacto
694 1373 758 1415 non
776 1372 860 1416 unus
872 1352 954 1438 lapis
965 1349 1020 1416 scd
1034 1352 1195 1438 integrum
1207 1350 1304 1415 Allata

306 1458 527 1514 consecratum
543 1457 705 1510 censetur.
723 1445 866 1510 'landem
882 1444 992 1509 differt
1007 1445 1039 1510 in
1056 1456 1195 1532 utroque
1209 1444 1301 1509 Alteri

301 1542 506 1627 Sepulchrum
535 1540 770 1627 reliquiorum,⁸
807 1561 882 1604 narn
916 1562 992 1604 cum
1025 1539 1137 1604 Altarc
1168 1539 1303 1626 portatile
1383 1585 1384 1588 η

302 1649 425 1704 constet
439 1660 479 1702 ex
494 1639 562 1702 solo
579 1634 697 1721 lapide,
726 1638 909 1702 necessario
939 1637 973 1701 in
998 1657 1038 1702 eo
1059 1658 1188 1721 semper
1209 1638 1303 1701 reclu-

304 1732 425 1799 duntur
437 1733 599 1818 reliquiae3
617 1732 823 1816 sepulchrum
837 1755 914 1798 vero
923 1732 1042 1797 Altaria
1052 1732 1106 1795 fixi
1120 1753 1187 1796 essa
1199 1741 1302 1818 potest,

298 1832 394 1919 juxta
403 1832 603 1913 Pontificale,
620 1830 673 1896 vel
688 1831 719 1893 in
736 1829 845 1894 medio
860 1832 976 1896 tabulae
991 1830 1112 1895 Altaris
1127 1852 1146 1894 a
1161 1841 1245 1917 parte
1260 1851 1304 1894 su·

303 1929 436 2014 periori,
454 1928 555 1992 rolin
572 1926 679 2011 stipite
696 1949 713 1990 a
730 1938 820 2011 parte
837 1929 992 1991 anteriori
1009 1937 1065 1991 aut
1079 1926 1242 2012 posteriori
1254 1927 1302 1990 vel

302 2024 335 2086 in
362 2022 470 2087 medio
487 2021 679 2089 summitatis
705 2021 821 2107 stipitis
843 2043 940 2108 supra
965 2044 1062 2110 quem
1094 2020 1238 2107 ponenda
1261 2029 1303 2082 est

270 2184 273 2189 ,
304 2119 372 2202 ipsa
385 2118 494 2182 tabula
509 2117 642 2182 Altaria.

348 2214 467 2295 Quaest.
481 2214 557 2278 205.
587 2213 673 2292 Quid
688 2217 860 2301 requiritur
887 2227 922 2280 ut
943 2214 1054 2279 Altcre
1068 2213 1205 2300 paudere
1214 2212 1303 2297 possit

213 2315 215 2320 '
300 2307 467 2394 priuiiepio
482 2307 606 2371 Altaris
617 2309 842 2394 priuilepiuti?

348 2405 390 2468 Il.
419 2405 457 2468 Ut
472 2403 581 2469 Altare
597 2403 739 2490 gandeat
753 2403 958 2493 indulgentia
972 2405 1096 2470 Altaris
1110 2403 1301 2490 priuilepiuti,

303 2499 480 2587 requiritur
494 2508 531 2562 ut
545 2498 587 2562 sit
599 2497 710 2581 fixum,
728 2520 767 2562 eo
783 2521 880 2563 sensu
900 2499 990 2585 quod
1006 2510 1075 2564 tota
1091 2509 1247 2564 structura
1259 2497 1303 2560 in-

303 2595 403 2658 ferior
432 2614 488 2656 scu
513 2593 611 2678 stipes
637 2615 657 2656 a
684 2594 755 2658 loco
772 2617 830 2659 suo
846 2594 1005 2661 dimoveri
1030 2616 1096 2659 non
1112 2595 1222 2680 possit,
1238 2593 1304 2656 licet

302 2690 383 2774 lapis
398 2686 473 2752 inde
489 2689 671 2756 amoribilis
686 2690 744 2773 sit;
761 2690 838 2776 quia
853 2690 1061 2778 privilegium
1073 2689 1161 2755 istud
1172 2711 1233 2754 non
1248 2699 1303 2752 tam

303 2783 446 2848 adhaeret
482 2783 582 2870 lapidi
617 2797 802 2851 consecrato
829 2809 927 2873 quam
957 2796 1126 2852 structurae
1157 2783 1303 2848 inferiori.

303 2878 397 2943 Unde
410 2877 522 2943 Altare
538 2878 627 2965 quod
649 2881 817 2946 occasione
834 2881 971 2968 alicujus
998 2881 1220 2960 solemnitatis,
1232 2899 1262 2944 r.
1275 2900 1304 2962 g.

304 2976 422 3038 mensis
436 2976 580 3058 Mariani,
600 2976 641 3041 ad
657 2988 783 3064 tempus
805 2980 838 3042 in
852 2980 994 3044 Ecclesia
1010 2977 1148 3066 erigitur
1160 2988 1192 3042 et
1206 2986 1304 3062 postea

303 3069 458 3150 aufertur,
477 3070 720 3160 privilegiatum
735 3096 804 3139 esse
820 3095 885 3138 non
900 3085 1021 3160 posset.

511 3302 539 3396 ξ.
564 3304 600 3376 2.
631 3301 686 3377 De
703 3306 929 3380 oruorueutis
945 3301 1108 3378 Alteris.

347 3505 466 3589 Quaest.
487 3508 562 3572 206.
592 3508 668 3586 Quia
679 3510 828 3595 requisito
842 3520 916 3572 suret
930 3508 1053 3572 Altaris
1070 3504 1270 3572 eructuante?

347 3604 391 3668 R.
407 3605 453 3668 Ea
466 3613 613 3668 recenset
627 3604 773 3668 Robrica
788 3605 851 3669 Tit.
876 3605 952 3667 XX:
984 3604 1096 3668 Altero
1123 3604 1306 3688 cooperietur

304 3699 402 3762 tribus
431 3700 563 3783 mappis,
601 3720 654 3762 seu
694 3699 819 3762 tobaleis
848 3699 985 3778 mundis,
1022 3699 1058 3763 ab
1090 3701 1239 3784 Episcopo
1266 3692 1307 3758 uel

303 3793 366 3857 olio
383 3792 509 3856 iubente
532 3805 712 3878 potestatem
728 3794 900 3873 benedictis,
918 3796 1075 3878 superiori
1088 3795 1199 3858 saltem
1215 3791 1306 3856 obleu-

301 3911 353 3974 φα,
371 3909 438 3974 quoe
454 3910 550 3972 usque
580 3889 621 3952 od
648 3903 760 3954 terrum
783 3893 953 3975 pertiuput,
972 3889 1091 3952 duobus
1106 3889 1181 3953 eliis
1198 3887 1305 3950 breuio-

301 3983 400 4065 ribus,
417 3982 464 4046 uel
478 4004 542 4045 uuo
557 3984 727 4068 displicato.
759 3984 868 4050 Pollio
894 4006 1014 4071 quoque
1037 3997 1166 4056 eruetur
1191 3980 1303 4059 eoloris,

275 4127 280 4138 .
301 4078 487 4164 quoudfieri
494 4088 604 4163 potest,
616 4079 678 4143 diei
690 4081 769 4165 sesto
790 4081 837 4144 uel
851 4078 960 4166 Officio
975 4081 1194 4160 convenientis.
1211 4077 1302 4158 Super
