2780 4726
301 221 365 285 170
402 259 407 270 ·
583 235 671 276 nnus
694 233 883 276 capernaum
906 236 1031 276 nissen.

300 343 443 408 cilicatur
458 357 574 402 nomen
595 335 799 414 Patriarchae‚
828 335 1082 420 Archiepiscopi,
1102 339 1154 400 vel
1169 338 1318 423 Episcopi

301 436 455 503 ordinarii
471 434 504 496 in
521 430 651 516 propria
671 427 814 507 dioecesi,
832 440 863 492 et
886 451 949 494 non
966 431 1097 494 alterius
1120 432 1315 516 Superioris,

301 530 426 597 etiamsi
445 527 611 592 celebrans
627 524 667 588 sit
682 523 813 588 omnino
838 535 1017 609 exemptus,
1040 527 1091 588 vel
1108 526 1168 589 suh
1185 529 1318 590 alterius

299 623 446 710 Episcopi
457 617 696 707 jurisdictione.
712 617 745 681 Si
758 638 835 681 vero
849 618 1024 703 Episcopus
1037 617 1219 684 ordinarius
1232 621 1319 684 illius

300 721 374 799 loci,
392 718 505 802 inquo
525 713 619 778 lllissa
642 713 836 794 celebratur,
854 715 894 777 sit
917 713 983 777 vita
997 714 1137 793 functus,
1162 713 1318 798 praedicta

300 813 399 878 verba
415 811 606 875 omittuntur
618 830 625 870 ε
637 807 812 893 quaetiam
822 809 1013 872 omittuntur
1026 809 1066 872 ah
1078 809 1127 890 iis,
1137 810 1193 894 qui
1204 811 1318 876 Romae

233 979 246 992 ,
300 907 476 972 celebrant.
501 904 535 967 Si
560 901 726 966 celebrans
748 912 795 964 cst
818 903 1004 986 Episcopus,
1032 903 1316 988 Archiepiscopus,

299 999 555 1082 velPatriarcha,
569 995 692 1061 omissis
706 995 864 1081 praedictis
876 997 994 1077 verbis,
1016 1018 1127 1060 eorum
1149 998 1220 1060 loco
1238 995 1319 1060 dicit

303 1108 330 1159 et
347 1117 395 1159 me
409 1093 632 1177 indipnoservo
642 1101 705 1156 tuo.
717 1091 867 1154 Summus
877 1101 984 1155 autem
998 1091 1147 1155 Pontifex
1161 1113 1236 1155 cum
1260 1113 1316 1155 ce-

301 1190 417 1270 lebrat,
435 1187 558 1252 omissis
573 1184 682 1250 verbis
705 1207 769 1248 unu
798 1207 865 1249 cum
889 1185 1008 1271 famulo
1025 1197 1077 1249 tuo
1092 1187 1185 1269 Papo
1210 1197 1318 1249 nostro

300 1285 341 1350 Ν.
363 1295 392 1346 et
412 1282 561 1352 Antistite
579 1291 684 1344 nostro
699 1281 755 1362 Ν.,
777 1277 873 1344 dicit:
892 1302 955 1343 uno
970 1302 1040 1342 com
1056 1302 1102 1342 me
1118 1281 1251 1364 indiqno
1266 1281 1318 1366 fu·
1385 1354 1388 1363 Ι

299 1376 463 1454 melotae,
483 1396 571 1459 quem
581 1377 672 1458 prepi
686 1385 738 1435 tuo
750 1394 881 1456 proeesse
904 1373 1042 1436 voluisti.
1062 1374 1100 1436 Et
1123 1374 1317 1436 continuant

299 1489 410 1534 omnes
425 1478 462 1531 ut
483 1469 649 1553 sequitur:
666 1479 693 1530 et
707 1468 847 1532 omnibus
864 1469 1055 1548 orthodoxis,
1071 1479 1127 1531 etc.

345 1565 377 1626 5.
404 1561 483 1628 Cum
505 1560 584 1626 dicit
608 1564 769 1639 Memento,
801 1564 942 1642 Domine,
961 1564 1091 1626 elevans
1117 1572 1150 1624 et
1171 1561 1316 1646 jungens

298 1678 524 1743 manususque
547 1655 722 1721 adfaciem
745 1658 797 1721 vel
813 1667 937 1741 pectus,
961 1658 1006 1720 sic
1023 1656 1146 1740 junctis
1161 1656 1313 1720 manibus

296 1763 356 1816 stat
375 1754 538 1837 paulisper
565 1751 596 1813 in
621 1751 741 1837 quiete,
769 1748 908 1815 demisso
931 1750 1166 1836 aliquantulum
1190 1750 1311 1834 capite,

296 1845 415 1910 iaciens
437 1845 774 1910 commemorationem
790 1846 939 1910 virorum
969 1844 1085 1909 Christi
1109 1842 1258 1906 fidelium
1274 1841 1315 1906 ad

297 1942 609 2020 suamvoluntatem,
637 1960 774 2025 quorum
787 1942 927 2017 nomina,
945 1941 970 2003 si
983 1942 1064 2020 vult,
1083 1948 1207 2002 secreto
1224 1958 1314 2001 com·

297 2045 470 2114 memoret3
484 2055 547 2096 non
565 2044 671 2098 tamen
681 2056 808 2099 necesse
821 2046 868 2099 est
879 2057 917 2099 ea
928 2037 1120 2120 exprimere,
1134 2031 1192 2096 sed
1205 2042 1314 2096 mente
1384 2053 1385 2081 t

296 2137 419 2191 tantum
436 2150 546 2192 eornm
560 2132 746 2194 memoriam
761 2130 889 2194 habeat.
900 2133 1007 2193 Potest
1023 2129 1119 2192 etiam
1131 2127 1311 2204 celebrans,
1380 2143 1385 2189 t

295 2221 321 2284 si
348 2243 406 2307 pro
429 2223 575 2306 pluribus
604 2245 695 2286 orare
722 2223 871 2304 intendit,
893 2248 933 2288 ne
960 2222 1245 2290 circumstantibus
1272 2223 1312 2285 sit
1384 2280 1385 2284 ,

296 2335 451 2396 morosus,
476 2327 548 2378 ante
573 2317 699 2380 Missam
723 2318 755 2379 in
780 2319 886 2381 animo
910 2339 1089 2404 proponere
1112 2316 1174 2379 sibi
1198 2337 1311 2378 omnes

293 2408 365 2472 illos
381 2419 444 2474 tam
459 2411 550 2475 vivos
565 2431 662 2496 quam
679 2409 857 2492 defunctos,
877 2435 934 2496 pro
951 2412 1069 2499 quibus
1083 2412 1113 2473 in
1128 2410 1197 2492 ipsa
1214 2410 1310 2472 Missa

292 2523 383 2566 orare
410 2503 558 2581 intendit,
583 2515 614 2567 et
640 2505 701 2569 hoc
729 2508 797 2569 loco
814 2509 1008 2592 generaliter
1036 2507 1131 2570 unico
1157 2517 1310 2568 contextu

293 2596 434 2680 ipsorum
453 2599 601 2661 vivorum
627 2601 961 2664 commemorationem
984 2622 1090 2686 agere,
1118 2620 1175 2684 pro
1191 2599 1310 2683 quibus

294 2702 367 2755 ante
383 2693 510 2756 Missam
528 2712 619 2755 orare
636 2695 802 2777 proposuit
814 2695 844 2756 in
859 2696 966 2758 lllissa.

337 2789 370 2849 4.
395 2785 705 2851 Commemoratione
720 2789 866 2852 vivorum
883 2791 976 2866 iacta,
995 2789 1140 2852 demissis
1153 2797 1185 2852 et
1201 2799 1310 2850 exten-

293 2880 335 2942 sis
346 2891 381 2942 ut
396 2882 484 2965 prius
500 2882 660 2963 manibus,
679 2885 866 2947 continuat:
893 2897 920 2947 et
943 2889 1079 2947 onmimn
1102 2888 1308 2946 circumsten-

294 2976 388 3052 etum,
408 2985 462 3037 etc.
489 2976 646 3039 Similiter
674 2986 759 3042 stans
782 2982 1008 3064 prosequitur:
1027 2977 1308 3043 Commaaieontes.

295 3065 375 3129 Cum
395 3064 473 3132 dicit
487 3071 563 3132 Jero
581 3068 710 3149 Christi,
738 3083 834 3157 caput
849 3071 941 3136 Cruci
959 3073 1110 3153 inclinat3
1129 3072 1161 3133 in
1177 3072 1310 3133 conclu·

293 3162 382 3224 sioue
414 3162 544 3248 quando
567 3165 646 3229 dicit
669 3168 734 3231 Per
762 3168 911 3244 eumdem,
935 3168 1044 3254 jungit
1070 3187 1195 3231 manus.
1229 3165 1309 3227 Cum

293 3251 481 3319 dicitrHano
496 3261 595 3342 ipitor
609 3259 800 3343 oblationem,
820 3261 972 3344 expandit
988 3261 1200 3325 manussimul
1213 3279 1312 3343 super

293 3349 408 3430 oblata,
428 3353 469 3416 ita
484 3365 520 3417 ut
534 3356 648 3438 palmae
663 3357 725 3420 sint
739 3367 856 3442 apertae
879 3378 989 3421 versus
1005 3378 1042 3418 ac
1055 3377 1148 3441 supra
1168 3355 1309 3419 Calicem

295 3453 327 3507 et
342 3445 505 3510 Hostiam:
519 3469 598 3534 quas
614 3441 659 3512 sic
674 3461 760 3513 tenet
774 3471 875 3537 usque
892 3449 931 3514 ad
949 3451 1003 3513 illa
1018 3449 1119 3513 verba
1137 3450 1202 3512 Per
1220 3444 1310 3510 Cleri-
1381 3507 1382 3516 ,

292 3549 375 3603 stttm
389 3541 558 3604 Dominum
573 3556 726 3608 nostrum.
740 3547 829 3608 Tunc
845 3546 930 3609 enim
942 3544 1052 3630 jungit
1067 3563 1191 3623 manus,
1210 3551 1243 3605 et
1265 3542 1311 3605 sic

293 3633 514 3717 prosequitur:
533 3636 634 3714 Quom
647 3637 827 3702 oblationem
838 3628 870 3701 tu
885 3641 969 3701 Deos
983 3641 1016 3702 in
1029 3636 1180 3713 omnibns,
1190 3655 1312 3720 quoesu·
1380 3659 1381 3668 ¹

291 3745 371 3806 tnnc,
389 3736 508 3790 etcum
525 3727 603 3793 dicit
619 3730 690 3796 lene
705 3734 731 3817 †
749 3734 872 3812 dietam,
891 3734 1132 3817 adserit-ptum,
1150 3731 1221 3813 rol·
1232 3742 1309 3812 torn,

295 3817 509 3885 communiter
524 3825 629 3911 signat
644 3837 693 3890 ter
708 3850 804 3914 super
819 3830 964 3892 Hostiam
979 3841 1011 3892 et
1035 3827 1172 3892 Calicem
1186 3825 1284 3888 simul
1302 3850 1309 3889 :

289 3910 426 3992 deinde,
456 3938 529 3980 cum
556 3918 632 3983 dicit
662 3934 695 3984 ut
720 3923 806 3987 :robis
836 3923 969 4006 Corpus,
999 3922 1171 4008 separatim
1201 3921 1312 4004 signat

289 4010 389 4071 semel
410 4029 506 4094 super
526 4014 669 4079 Hostiam
685 4026 820 4099 tantum,
851 4029 883 4082 et
905 4040 980 4082 curn
1004 4018 1082 4082 dicit
1097 4027 1126 4080 et
1150 4015 1311 4108 Sarapanis,

287 4104 387 4166 semel
408 4124 506 4190 super
519 4103 658 4176 Calicem
675 4121 816 4176 tantum:
836 4110 957 4176 deinde
975 4115 1105 4177 elevans
1121 4121 1153 4174 et
1165 4111 1313 4201 jungens
