2754 4740
332 267 489 311 urssamm
512 266 770 313 oeeunammms.
996 253 1060 317 195

61 371 327 440 Consecrationem
339 371 522 459 Sanguinis,
536 371 587 436 vel
601 381 740 459 utroque
752 381 936 438 consecrato
954 372 986 438 id
1003 397 1056 441 ac-

60 468 137 548 cidit,
150 468 243 531 Missa
259 489 318 552 per
332 467 430 530 alium
448 463 647 531 sacerdotem
662 467 829 552 expleatur
849 468 892 533 ab
915 490 953 534 co
974 471 1057 550 loco,

60 564 107 628 uhi
121 563 172 626 illc
188 559 295 640 desiit,
313 571 345 625 et
358 561 391 624 in
404 581 479 625 casu
495 561 693 625 necessitatis
709 562 805 626 etiam
822 585 881 649 per
896 585 960 628 nou
972 563 1062 652 jeju-

61 681 137 721 num.
154 657 188 720 Si
212 666 319 721 autem
336 676 400 720 nou
415 655 543 738 obierit,
561 655 617 720 sed
636 655 733 720 luerit
744 656 900 734 infirmus,
919 657 1000 723 adeo
1018 670 1060 725 la·

59 751 278 836 menutpossit
292 751 541 827 communicare,
556 760 588 813 et
599 771 662 813 non
679 748 762 814 adsit
778 751 840 815 alia
851 753 964 818 Hostia
981 755 1057 818 con·

58 857 177 930 secreta,
195 844 345 910 sacerdos
367 846 423 932 qui
450 845 577 908 Missam
595 846 732 930 supplet,
758 843 881 912 dividet
901 849 1056 928 Hostiam,

58 953 189 1007 ctunam
204 950 330 1028 partem
351 941 493 1026 praebeat
513 939 651 1022 infirmo,
677 941 772 1004 aliam
795 941 862 1026 ipsc
886 955 1001 1008 sumat.
1021 946 1052 1008 Si

60 1048 167 1117 autem,
185 1037 389 1121 semiprolata
405 1035 510 1098 forma
525 1033 685 1120 Corporis,
710 1035 790 1099 obiit
805 1036 965 1120 sacerdos,
983 1041 1058 1124 quia

58 1154 112 1195 non
126 1142 173 1196 est
187 1132 272 1194 iacta
285 1129 499 1212 Consecratio,
520 1149 582 1192 non
606 1139 654 1193 cst
675 1149 805 1192 necesso
828 1141 864 1194 ut
886 1131 979 1196 Missa
1000 1155 1059 1219 per

58 1230 143 1291 alium
159 1228 357 1312 suppleatur.
372 1225 404 1288 Si
416 1246 494 1290 vcro
507 1223 634 1305 obierit,
649 1225 853 1310 semiprolata
863 1226 966 1291 forma
978 1229 1058 1292 San·

58 1324 162 1408 guiniS,
182 1332 258 1385 tunc
274 1322 354 1383 aller
369 1330 582 1406 prosequatur
593 1318 732 1400 Missam,
748 1331 780 1384 et
794 1342 892 1407 super
907 1323 1057 1388 eumdem

58 1418 184 1482 Calicem
207 1426 331 1502 repetat
358 1416 515 1502 integram
545 1415 698 1494 sormam,
724 1415 765 1480 ab
793 1438 830 1481 eo
854 1419 937 1503 loco,
954 1421 1060 1486 Simili

57 1514 135 1576 modo
147 1523 313 1598 postquam
328 1523 477 1574 canotum
494 1519 548 1589 est,
564 1511 617 1572 vel
628 1519 734 1595 posset
746 1532 843 1596 super
857 1513 955 1578 alium
981 1516 1059 1578 Call·-

57 1629 116 1670 cem
132 1614 343 1692 praeparatum
359 1605 518 1690 integram
534 1609 669 1668 tonnam
684 1605 841 1690 proferre,
867 1619 899 1672 ct
913 1610 1056 1674 Hostiam

56 1703 137 1786 primi
151 1697 344 1783 Sacerdotis,
359 1710 390 1763 et
401 1701 597 1786 Sanguinem
612 1713 904 1768 eseconsecratum
917 1727 1054 1787 sumere,

53 1819 83 1860 ac
93 1797 207 1861 deinde
224 1796 362 1860 Calicem
376 1796 523 1860 relictum
539 1797 855 1862 semiconsecratum.

90 1911 117 1976 d.
142 1911 174 1974 Si
188 1909 260 1996 quis
283 1917 373 1971 extra
387 1905 574 1994 hujusmodi
590 1929 681 1972 casus
696 1909 903 1994 necessitatis,
929 1912 1051 2000 integra

53 2005 246 2068 Sacramenta
262 2024 326 2065 non
343 2003 525 2088 sumpserit,
540 2003 726 2088 gravissime
743 2014 865 2088 peccat.

88 2117 116 2179 5.
141 2116 173 2181 si
189 2137 310 2192 musca,
327 2116 378 2179 vel
395 2135 523 2194 aranea,
542 2116 592 2178 vol
610 2113 731 2202 aliquid
749 2113 836 2179 aliud
851 2116 1047 2184 cecideritin

53 2209 177 2274 Calicem
193 2220 266 2274 ante
290 2207 579 2286 Consecrationem‚
599 2209 746 2295 projiciat
766 2211 877 2276 vinum
894 2213 1046 2304 inlocum

53 2301 262 2386 decentem,et
276 2302 362 2366 aliud
380 2313 477 2388 ponat
490 2303 521 2366 in
539 2303 654 2382 Colice,
669 2303 800 2368 misceat
815 2327 928 2390 parum
944 2330 1046 2394 aqua,

53 2399 152 2465 odorat
167 2411 203 2464 ut
217 2422 325 2485 supra,
350 2408 381 2462 et
397 2409 608 2485 prosequatur
629 2400 775 2464 Missam:
803 2401 828 2462 si
845 2413 916 2486 post
930 2403 1048 2488 Conse-

53 2497 214 2560 crationem
230 2487 382 2561 ceciderit
410 2514 529 2575 musca,
547 2503 601 2557 aut
616 2492 739 2580 aliquid
761 2495 930 2582 ejusmodi,
949 2510 981 2562 ct
996 2500 1049 2562 fiat

53 2612 158 2655 nausea
174 2589 344 2668 sacerdoti,
369 2590 516 2654 extrahat
527 2611 609 2669 eam,
628 2599 660 2654 et
674 2591 759 2654 lavet
771 2611 843 2655 cum
856 2592 943 2676 vino,
961 2593 1049 2656 linita

54 2685 133 2750 Missa
149 2688 329 2767 comburat,
347 2694 379 2749 ct
393 2683 571 2750 combustio
586 2705 624 2748 ac
639 2685 715 2748 lotio
734 2683 919 2771 hujusmodi
942 2687 974 2751 in
998 2709 1048 2752 sa-

53 2782 179 2846 crarium
205 2780 404 2867 projiciatur.
431 2779 464 2843 Si
481 2789 587 2847 autem
603 2801 668 2844 non
683 2779 782 2844 inerit
797 2781 826 2843 ci
839 2802 971 2862 nausea,
990 2804 1049 2846 nec

53 2875 335 2962 ullumporiculum
351 2874 471 2957 timeat,
489 2885 593 2939 sumat
608 2897 679 2940 cum
697 2875 872 2962 Sanguine.

89 2988 116 3051 6.
145 2985 675 3074 Sialiquidvenenosumceciderit
686 2987 720 3052 in
732 2987 882 3071 Calicem,
898 2991 949 3053 vel
963 2987 1050 3076 quod

53 3094 229 3165 provocaret
243 3080 525 3161 vomitum,vinum
538 3093 758 3147 consecratum
768 3081 991 3166 reponendum
1003 3094 1051 3148 est

54 3177 142 3242 inalio
152 3174 399 3256 Calicc,etaliud
412 3178 604 3242 vinumcum
613 3200 694 3265 aqua
707 3176 933 3263 apponendum
943 3177 1050 3243 denuo

54 3272 293 3338 consecrandum
308 3295 316 3336 z
332 3284 364 3336 et
376 3272 465 3336 finita
480 3274 586 3356 Missa,
602 3275 738 3360 Sanguis
753 3274 910 3359 repositus
925 3275 957 3336 in
975 3297 1050 3360 pan·

54 3388 87 3430 no
101 3370 183 3432 linco
195 3371 246 3433 vel
271 3379 396 3453 stuppa,
411 3367 535 3432 tamdiu
549 3380 705 3450 servetur,
724 3368 828 3433 donec
839 3370 961 3456 species
984 3370 1049 3435 viui

55 3463 160 3530 luerint
171 3463 350 3542 desiccatae,
368 3474 399 3527 ct
416 3473 491 3528 tunc
503 3475 617 3550 stuppa
630 3466 847 3546 comburatur,
873 3473 904 3526 et
918 3464 1051 3529 combu-

55 3556 103 3619 stio
118 3558 336 3636 insectarium
353 3557 551 3644 projiciatur.

90 3671 118 3736 7.
143 3671 176 3734 Si
203 3669 326 3756 aliquid
356 3681 552 3736 venenatum
583 3671 753 3758 contigerit
775 3671 918 3735 Hostiam
943 3689 1050 3735 conse·

55 3775 173 3848 cretam,
200 3775 278 3830 tune
292 3766 424 3828 alteram
444 3775 620 3846 consecret,
643 3775 671 3830 el
694 3776 799 3830 sumat
821 3785 859 3829 eo
876 3762 971 3830 modo
987 3789 1051 3854 quo

55 3857 162 3924 dietum
178 3871 237 3938 est,
250 3871 284 3924 at
296 3861 349 3924 illa
363 3869 509 3924 servetur
524 3861 556 3923 in
573 3860 790 3943 tabernaculo,
808 3861 878 3924 loco
891 3873 1048 3946 separato,
1085 3890 1086 3893 ¹

55 3951 145 4020 donec
160 3957 282 4041 species
297 3965 555 4040 corrumpantur,
573 3965 606 4020 ct
621 3966 778 4041 corruptae
793 3951 910 4018 deinde
922 3956 1051 4022 mittan·
1138 3981 1140 3984 ·

56 4057 100 4112 tur
120 4051 151 4114 in
166 4051 354 4116 sacrarium.
919 4067 924 4076 '

91 4162 121 4224 8.
144 4164 177 4226 Si
193 4163 349 4228 sumendo
384 4164 591 4250 Sanguinem,
623 4165 777 4248 particula
805 4161 992 4229 remanserit
1017 4162 1049 4224 iu

135 4287 215 4326 oense.
230 4289 250 4321 m
264 4289 314 4321 aua.
874 4271 913 4334 Π
