2754 4740
372 947 833 1145 suessionis

461 1336 618 1400 ¹ne

335 1571 567 1646 RUBRICAS
593 1573 873 1652 GENERALES

271 1862 626 1950 BREVIARII
668 1864 947 1954 ROMANI.

465 2156 746 2186 “q—*-

512 2401 687 2450 momulus.

427 2623 501 2710 (ni.
521 2623 787 2704 1-xxxv1n.

133 2861 290 2926 Rubricee
303 2855 468 2944 generales
483 2853 640 2916 Breviarii
657 2855 690 2916 in
704 2855 856 2921 XXXVII
872 2853 992 2919 Titulos
1004 2854 1114 2922 distri-

87 2959 249 3034 buuntur,
264 2971 402 3037 quorum
418 2946 589 3010 duodecim
608 2949 730 3032 priores
747 2959 892 3033 spectant
905 2947 945 3012 ad
959 2953 1114 3037 imeqrum
1164 3027 1165 3031 η

94 3047 258 3138 Officium,
274 3041 471 3128 modumque
486 3038 571 3104 istud
589 3039 760 3105 ordinandi
778 3065 786 3124 3
810 3065 866 3106 sex
881 3065 959 3108 vero
983 3067 1118 3132 sequen·
1184 3042 1185 3045 '

89 3155 152 3226 les,
188 3162 207 3203 a
229 3140 290 3202 Tit.
322 3137 399 3200 XIII
429 3156 530 3220 usque
555 3132 597 3212 ad
614 3135 734 3213 XVIII,
751 3149 851 3224 agunt
879 3135 920 3201 de
946 3141 1117 3224 majoribus

85 3233 237 3321 partibus
264 3230 367 3294 Officii
387 3251 401 3292 ι.
436 3229 604 3311 Matutino,
643 3228 818 3311 Laudibus,
847 3233 967 3314 Prima,
997 3234 1114 3316 Tertia,

91 3332 205 3408 Sena,
236 3327 337 3404 Nona,
355 3322 507 3408 Vesperis
534 3332 566 3386 et
596 3321 827 3407 Completori03
852 3325 969 3410 reliqui
986 3324 1117 3392 tandem

90 3424 192 3488 Tituli
212 3424 355 3505 (excepto
371 3420 498 3501 ultimo,
516 3419 571 3504 qui
593 3419 739 3503 specialis
755 3430 802 3483 est
817 3417 858 3482 de
881 3419 993 3484 Officio
1009 3422 1115 3486 Parvo

89 3521 132 3583 B.
151 3517 272 3594 Melie,
301 3525 332 3577 et
359 3511 442 3598 eliis)
468 3522 637 3577 versantur
666 3513 751 3577 eirca
778 3517 918 3598 partium
939 3524 1054 3598 partes,
1078 3525 1115 3579 ut

93 3608 335 3690 Invitatorium,
353 3607 507 3693 Hymos,
525 3604 736 3690 Antiphonem,
753 3609 895 3671 Psalmos
911 3618 972 3672 etc.

136 3704 337 3787 Quaestiones
349 3703 382 3766 in
397 3702 556 3766 Rubricas
565 3703 802 3790 Brevieriiquae
815 3703 1112 3789 hicproponuntur,

92 3802 208 3864 intres
238 3797 394 3860 sectiones
425 3806 499 3861 sunt
530 3794 719 3882 distrihutae,
738 3819 873 3884 quarum
898 3800 913 3861 I
939 3800 1037 3865 sectio
1068 3811 1116 3866 est

89 3893 131 3958 de
152 3891 314 3957 divisione
327 3901 358 3955 et
370 3891 574 3956 distinctione
586 3893 784 3976 Officiorum,
803 3895 834 3956 II
850 3892 890 3956 de
906 3895 1116 3960 Occurrentie

89 4000 123 4053 et
147 3986 392 4068 concurrentia,
410 3987 456 4050 III
473 3985 604 4051 tandem
617 3985 658 4051 de
674 3986 867 4075 quibusdam
889 3989 993 4054 Officii
1016 3989 1118 4075 parti-

89 4084 153 4150 bus
168 4079 364 4145 minoribus.

173 4193 369 4247 Qunssmnue.
974 4195 990 4253 1
