2754 4740
339 251 372 291 m
395 250 546 306 susumus
569 244 744 290 oneremus.
1009 211 1052 272 ii)

77 355 201 434 Quaest..
218 353 274 416 75.
302 351 387 430 Quid
410 372 481 437 erpo
496 347 673 436 faciendam
689 342 813 431 quondo
838 336 968 401 Initium
989 334 1049 396 oii-

41 450 121 532 rujuc
146 445 220 510 titre·
246 446 280 506 in
308 442 439 508 eliasibi
466 445 625 527 asripnoto
651 438 712 521 lapi
738 456 798 499 aon
827 439 946 514 potest,
974 428 1049 510 quio

41 541 145 605 scilicet
166 541 282 603 occurit
300 541 425 602 Festum
451 559 519 600 cam
541 533 731 599 Lectionibus
763 527 899 613 propriis
926 541 978 586 eea
1014 521 1049 581 de

42 633 212 712 Consentini,
231 632 276 696 rel
290 634 382 696 Ferio
396 635 509 714 major,
524 631 571 694 vei
584 630 618 693 V
616 627 717 713 ipilia,
729 645 797 711 quo²
809 619 919 684 tabent
931 616 1049 679 Lectio-

42 751 87 792 nes
102 751 162 793 aon
177 729 213 791 de
227 727 405 810 Scriptura,
422 727 474 790 sed
486 727 522 788 cle
537 723 676 788 Humilia
687 724 718 785 in
736 709 969 800 Eneapeiiam?

80 825 120 888 tt.
144 825 187 886 1⁰.
215 823 323 902 Initia,
349 841 420 906 quae
445 819 621 882 Dominicis
643 816 802 901 assignata
829 816 903 872 sunt
925 806 971 888 (et
999 823 1051 863 or-

43 917 159 980 dinarie
185 914 318 1002 quidem
346 915 378 977 in
419 914 593 978 Dominicis
616 911 808 975 inchoantur
845 899 917 964 lihri
955 915 1051 959 sacrae

44 1010 223 1096 Scriptura)
251 1008 487 1072 transferuntur
511 1009 543 1070 in
571 1013 757 1092 sequentem
780 996 869 1060 diem
899 1011 963 1054 non
989 989 1051 1050 im-

43 1103 199 1189 peditam3
234 1113 266 1166 et
293 1103 460 1167 Lectiones
487 1101 531 1164 illi
568 1100 632 1164 ‹lioi
670 1095 711 1161 dc
743 1089 857 1158 eadem
886 1083 1052 1187 Scriptum

44 1202 202 1287 assignatae
233 1199 285 1264 vel
317 1219 391 1261 cum
422 1195 641 1281 superioribus
671 1195 834 1278 leguntur,
866 1182 916 1245 vel
961 1183 1052 1238 omit-

44 1303 160 1358 tuntur.

84 1389 127 1449 2⁰.
141 1389 271 1450 Initium
295 1405 371 1449 vero
391 1384 528 1468 alicujus
542 1383 690 1467 Epistulae
714 1373 889 1445 catholiea,
906 1377 1052 1447 tempore

44 1483 189 1568 paschali,
207 1490 263 1544 aut
275 1478 411 1565 alicujus
425 1478 595 1562 Prophetae
612 1473 756 1548 minoris,
773 1485 883 1532 mense
909 1461 1051 1524 Novem·

44 1579 101 1658 bri,
125 1573 212 1664 quod
228 1575 261 1637 in
275 1574 376 1638 Feriis
398 1574 540 1659 ponitur,
565 1573 590 1636 si
614 1565 819 1655 impedietur,
839 1551 945 1644 quoad
969 1569 1056 1658 cont:

45 1669 133 1736 mode
147 1671 217 1734 ficri
233 1678 348 1753 potest,
367 1676 541 1751 reponatur
552 1666 585 1728 in
603 1660 749 1750 sequenti
761 1656 865 1734 Ferte,
880 1650 942 1713 alio
958 1643 1054 1708 simili

47 1769 129 1828 initio
148 1764 320 1848 Scripturae
335 1763 387 1825 vel
403 1760 609 1824 Lectionibus
625 1754 761 1843 propriis
776 1747 860 1812 Festi
876 1756 1052 1807 oecurren-

45 1859 81 1922 tis
95 1879 157 1922 non
187 1855 341 1940 impedita
357 1878 366 1936 3
384 1854 528 1940 alioquin
549 1854 581 1915 in
602 1845 795 1937 precedenti
818 1837 965 1903 similiter
989 1848 1052 1890 uon

47 1947 192 2037 impedita
223 1949 299 2027 die,
327 1949 372 2013 ita
411 1959 447 2013 ut
476 1951 602 2012 initiam
630 1948 778 2030 legatur,
808 1931 931 1999 etiamsi
961 1926 1055 2009 plura

47 2050 131 2110 initio
146 2043 261 2110 eodem
277 2041 329 2106 die
347 2045 423 2129 poni
450 2053 596 2128 oporteat
607 2041 680 2124 (Tit.
697 2034 815 2114 XXVI,
829 2052 861 2092 u.
879 2028 899 2088 6
915 2031 948 2085 et
961 2020 1009 2102 7).

84 2143 263 2226 Numquam
279 2150 386 2202 tamen
401 2139 494 2201 initio
512 2146 602 2200 extra
618 2131 779 2219 propriam
797 2141 910 2188 eorum
925 2108 1056 2222 Hebdo-

48 2232 168 2298 maclam
191 2236 355 2320 leguntur,
368 2251 474 2315 neque
490 2228 554 2305 duo
570 2229 662 2292 initio
677 2223 736 2288 sub
753 2241 817 2284 una
832 2212 1053 2280 conclusione:

52 2331 94 2392 Tu
105 2341 217 2410 aetem,
234 2327 377 2405 Domine,
396 2328 538 2389 miserere
552 2323 650 2386 nobie.
912 2331 916 2338 '

87 2420 203 2506 Quaest.
227 2421 283 2483 74.
312 2418 390 2498 Qua
415 2421 568 2483 lectiones
590 2418 759 2480 recitentur
781 2411 814 2470 ia
843 2397 973 2466 secundo
996 2393 1056 2454 No-

49 2513 174 2580 cturna?
474 2507 476 2512 ’

86 2612 181 2675 1t.tn
204 2605 346 2674 secundo
361 2607 536 2688 Nocturno,
556 2606 581 2668 si
608 2604 662 2667 fiat
688 2600 728 2663 dc
757 2597 886 2668 Sancto,
906 2597 969 2650 tres
991 2583 1054 2643 le·
1115 2679 1118 2686 ¹

50 2705 162 2770 etiones
179 2707 331 2790 leguntur
345 2701 387 2766 de
402 2702 468 2768 vita
490 2699 610 2780 Sancti,
628 2699 680 2761 vel
712 2693 752 2756 de
769 2688 876 2772 aliquo
908 2694 1056 2788 qermone

49 2809 97 2860 aut
119 2807 255 2863 tractatu
281 2795 386 2860 cidem
413 2795 642 2873 conveniente3
657 2810 739 2877 quae,
754 2785 779 2848 si
807 2800 872 2844 non
899 2782 962 2838 sent
980 2789 1056 2878 qro-

51 2891 132 2973 priae,
148 2892 300 2978 leguntur
321 2887 556 2954 decommuni
572 2887 773 2950 Sanctorum.
790 2877 838 2938 Ex
867 2889 932 2957 quo
960 2873 1055 2927 ettam

51 2981 212 3047 Communi
229 2983 409 3068 completur
424 3001 577 3046 numerus
592 2979 688 3042 trium
703 2972 904 3042 Lectionum,
923 2953 1054 3047 quando

51 3075 191 3140 Officium
207 3076 242 3139 fit
255 3097 370 3141 novem
386 3076 586 3157 Lectionum,
605 3071 645 3135 dc
662 3071 770 3157 aliquo
785 3067 914 3149 Sancto,
931 3055 986 3142 qui
999 3053 1057 3114 ha-

51 3170 100 3233 bet
114 3180 237 3235 tantum
252 3191 351 3234 unam
366 3173 419 3236 vel
434 3168 513 3233 duas
536 3167 702 3231 Lectiones
727 3159 881 3247 proprias,
907 3175 940 3216 v.
965 3171 996 3235 g·
1017 3147 1058 3208 22

51 3263 173 3348 Aprilis,
190 3266 222 3326 in
245 3267 337 3330 Festo
363 3265 420 3330 SS.
442 3265 562 3328 Soteris
578 3272 610 3325 ct
625 3260 706 3345 Caji.

91 3360 125 3422 Si
148 3361 206 3444 fiat
232 3361 463 3437 denominata,
483 3358 529 3423 oet
545 3359 586 3420 tle·
608 3355 669 3418 olio
687 3350 796 3438 Officio
818 3361 924 3407 reuocet
940 3339 1057 3401 Lectio-

53 3475 119 3517 num
135 3477 193 3538 per
208 3476 337 3533 artetum,
356 3457 447 3518 etiem
464 3454 499 3516 de
520 3451 648 3532 Octavo,
666 3449 812 3532 tepeat-ru·
828 3451 886 3502 tres
902 3435 1056 3496 Lectiones

53 3547 84 3610 tle
107 3570 242 3613 sermone
264 3559 318 3613 aut
340 3560 469 3611 tractatu
491 3549 545 3630 qui
569 3547 603 3607 ia
617 3542 681 3606 illis
697 3541 822 3625 portitor
845 3529 919 3614 (Tit.
937 3523 1054 3602 XXVI,

53 3663 82 3704 n.
100 3646 141 3727 L).

93 3739 207 3819 Queat.
224 3740 278 3803 75.
297 3740 373 3818 Qaae
402 3737 524 3802 totidem
550 3736 702 3797 lectiones
729 3731 875 3814 tepenter
906 3724 939 3782 iri
958 3715 1057 3796 tertio

56 3833 241 3900 tincturae?
744 3875 747 3880 .

94 3931 133 3992 ll.
151 3932 188 3992 ln·
198 3931 294 3994 tertio
310 3931 471 3995 Nocturno
487 3947 614 4012 semper
634 3926 786 4008 leguntur
800 3928 863 3982 tres
878 3911 1055 3982 Lectiones,

56 4021 199 4086 nimirum
223 4022 297 4102 Vll,
328 4023 452 4089 Vlllet
473 4023 519 4086 IX
540 4020 581 4084 de
602 4015 742 4082 Humilia
770 4013 803 4075 in
834 4006 1055 4092 Evangelium‚
1135 4029 1136 4032 ¹

58 4118 160 4196 posite
173 4117 205 4179 in
220 4114 356 4201 Proprio
373 4111 561 4182 Sanctorum
575 4123 629 4177 aut
641 4132 680 4174 ex
696 4105 864 4174 Communi
874 4103 1056 4186 assignetae5
