2764 4742
326 306 344 365 8
718 342 720 348 ·
777 321 882 362 aunem

326 428 541 490 emolumento
557 422 733 508 prestitum
748 422 799 504 sit,
818 422 861 484 ita
873 431 908 484 ut
924 443 963 485 ex
977 426 1134 508 superiori
1151 429 1206 491 illo
1222 429 1332 494 incom-

324 520 419 582 modo
434 539 493 603 per
514 516 713 580 occasionem
736 537 800 578 non
827 537 941 600 parum
957 519 1102 582 utilitatis
1130 527 1329 607 provenerit;

324 615 387 677 Nos
402 611 483 676 illud
504 612 537 675 in
563 621 671 674 nostra
699 612 922 696 Typographia
937 613 1092 677 Vaticana
1108 637 1206 701 quam
1229 641 1331 682 ernen-

324 706 486 771 datissime
502 705 654 791 imprimi,
672 726 709 768 ac
722 705 881 792 divulgari
889 705 1057 790 jussimus.
1075 710 1116 774 Ut
1131 725 1239 778 autem
1254 714 1332 776 illins

323 823 399 865 usus
425 801 459 864 in
489 801 638 864 omnibus
674 800 843 863 Christiani
878 802 965 866 orbis
995 803 1150 888 partibus,
1177 809 1333 894 perpetuis

323 895 438 960 futuris
467 895 666 980 temporibus
696 905 916 972 conservetur,
942 899 1045 982 ipsum
1082 900 1286 967 Breviarium
1304 902 1330 962 in

324 991 406 1053 alma
425 990 507 1054 Urbe
523 1000 629 1054 nostra
643 990 674 1052 in
699 988 812 1054 eadem
827 991 1049 1077 Typographia
1077 1003 1211 1079 tantum,
1226 1007 1258 1060 et
1275 1016 1330 1058 non

323 1085 399 1149 alibi
416 1085 556 1170 imprimi
572 1107 664 1168 posse
681 1083 882 1148 decernimus
891 1109 900 1166 3
920 1097 1008 1149 extra
1023 1087 1143 1152 Urbem
1157 1112 1236 1155 vero
1244 1089 1331 1176 juxta

324 1182 487 1265 exemplar
503 1181 536 1242 in
558 1177 645 1242 dicta
670 1178 892 1264 Typographia
922 1201 1007 1244 nunc
1037 1180 1177 1262 editum,
1215 1194 1246 1247 et
1274 1203 1329 1246 non

322 1277 424 1356 aliter,
441 1277 502 1338 hae
527 1275 598 1360 lege
622 1275 763 1358 imprimi
786 1295 879 1358 posse
896 1275 1119 1360 permittimus,
1134 1287 1170 1340 ut
1184 1279 1330 1340 nimirum

321 1369 549 1455 Typographis‚
568 1368 825 1454 quibuscumque
837 1369 919 1432 illud
931 1370 1116 1453 imprimere
1140 1372 1329 1448 volentibus,

321 1462 353 1525 id
377 1463 482 1526 facere
499 1463 604 1542 liceat,
620 1463 774 1548 requisita
792 1473 899 1525 tamen
916 1463 1003 1547 prius
1025 1473 1057 1526 et
1079 1465 1111 1526 in
1136 1466 1264 1549 scriptis
1279 1465 1331 1528 ob-

321 1567 407 1620 tenta
423 1555 614 1621 dilectorum
642 1557 781 1619 filiorum
804 1557 1032 1641 Inquisitorem
1057 1557 1212 1621 haereticre
1228 1558 1333 1642 pravi·

320 1652 393 1715 tatis
417 1653 449 1715 in
473 1652 511 1714 iis
525 1652 614 1731 locis,
633 1650 799 1736 inquibus
820 1650 951 1731 fuerint,
965 1651 1020 1714 ubi
1037 1673 1114 1715 vcro
1126 1673 1190 1714 non
1202 1652 1331 1730 fuerint,

236 1755 243 1764 '
281 1812 283 1816 ,
321 1745 563 1810 Ordinariorum
604 1748 748 1832 locorum
786 1745 939 1808 licentia:
983 1744 1125 1831 alioquin
1155 1745 1180 1807 si
1215 1745 1332 1829 absque

319 1839 505 1925 hujusmodi
532 1838 659 1903 licentia
683 1837 805 1902 dictum
827 1838 1030 1902 Breviarium
1056 1839 1116 1902 sub
1132 1860 1333 1926 quacumque

319 1936 422 1998 forma
438 1934 478 1997 de
495 1945 600 1998 cetero
618 1935 676 2019 ipsi
703 1934 979 2018 imprimere„aut
993 1933 1181 2019 Ribliopolae
1194 1933 1333 1998 vendere

319 2028 592 2113 presumpserint,
607 2028 821 2114 Typographi,
839 2038 869 2090 et
884 2028 1073 2112 Bibliopolas
1102 2039 1191 2092 extra
1218 2040 1332 2093 statum

319 2131 462 2184 nostrum
492 2121 748 2184 Ecclesiasticum
785 2120 956 2184 existentes
997 2123 1333 2186 excommunicationis

319 2217 389 2280 latae
405 2215 579 2295 sententiae,
597 2236 615 2278 a
639 2236 701 2300 qua
725 2215 785 2277 nisi
806 2237 824 2278 a
847 2217 993 2279 Romano
1020 2216 1185 2297 Pontifices,
1203 2228 1333 2300 praeter-

319 2332 415 2398 quam
432 2311 464 2373 in
478 2311 588 2373 mortis
599 2310 732 2373 articulo
745 2310 918 2394 constituti,
944 2310 1066 2374 absolvi
1095 2323 1279 2396 nequeant3
1303 2313 1332 2373 in

319 2408 401 2469 alma
417 2427 494 2470 vero
511 2405 609 2486 Urbe,
624 2426 667 2468 ac
690 2407 814 2491 reliquo
838 2415 921 2469 statu
942 2405 1162 2468 Ecclesiastico
1189 2427 1332 2468 eommo-

317 2509 436 2574 rantes‚
464 2499 712 2584 quingentorum
740 2499 1025 2563 ducatorum'auri
1057 2497 1097 2561 de
1123 2499 1270 2580 (lamera,
1300 2522 1334 2563 ac

318 2594 495 2658 amissionis
514 2594 668 2658 librorum
687 2604 718 2658 et
730 2605 876 2680 typorum
894 2595 1037 2657 omnium
1056 2593 1196 2657 Gamerae
1223 2592 1333 2676 praedi·

259 2701 261 2706 '
318 2700 375 2754 ctae
415 2687 678 2774 applicandorum
716 2711 824 2774 poenas
856 2690 977 2774 absque
1019 2688 1081 2752 alia
1117 2689 1334 2751 declaratione

317 2782 579 2846 irremissibiliter
608 2785 773 2848 incurrant
798 2806 836 2846 eo
867 2784 947 2868 ipso.
973 2785 1011 2846 Et
1042 2782 1249 2852 nihilominus
1281 2803 1333 2844 eo-

317 2876 464 2941 rumdem
476 2879 715 2942 Breviariorum
731 2900 789 2962 per
811 2899 864 2941 eos
893 2877 934 2940 de
962 2887 1068 2941 cetero
1085 2877 1205 2962 absque
1217 2877 1333 2962 hujus-

316 2968 404 3033 modi
420 2971 548 3034 licentia
564 2970 862 3056 imprimendorum,
892 2981 946 3034 aut
968 2968 1211 3035 vendendorum
1240 2992 1333 3033 usum

316 3064 437 3150 ubique
453 3069 608 3146 locorum,
628 3067 816 3151 algentium
839 3067 899 3130 sub
923 3063 1043 3129 eisdem
1060 3065 1159 3150 poenis
1174 3076 1334 3149 perpetuo

315 3156 549 3234 interdicimus
572 3169 604 3222 et
626 3159 845 3243 prohibemus.
879 3160 942 3244 Ipsi
972 3168 1078 3221 autern
1109 3158 1331 3243 InquisitoreS,

315 3273 373 3315 seu
388 3251 549 3315 Ordinarii
579 3255 734 3335 locorum,
751 3266 930 3340 antequarn'
952 3251 1139 3338 hujusmodi
1167 3252 1333 3320 licentiam

316 3345 503 3428 concedant,
527 3347 693 3412 Breviaria
709 3347 750 3410 ab
765 3348 841 3433 ipsis
868 3347 1087 3431 Typographis
1102 3346 1332 3430 imprimenda,

315 3450 348 3504 et
363 3450 531 3526 postquam
545 3441 699 3525 impressa
719 3443 852 3520 fuerint,
870 3462 943 3503 eum
966 3441 1027 3503 hoc
1041 3440 1207 3525 Breviario
1223 3454 1335 3506 aueto-

315 3536 408 3598 ritate
430 3545 537 3598 nostra
554 3537 729 3622 recognito,
750 3547 780 3600 et
796 3558 880 3599 nunc
896 3537 1061 3620 impresso,
1086 3533 1336 3620 diligentissime

314 3630 493 3706 conserant,
518 3632 624 3694 necin
642 3633 703 3694 illis
719 3630 842 3717 aliquid
864 3629 952 3711 addi,
985 3633 1036 3694 vel
1062 3628 1188 3693 detrahi
1202 3633 1337 3714 permit·

315 3733 394 3806 tant,
418 3733 450 3786 et
464 3724 496 3786 in
510 3725 576 3808 ipsa
587 3725 717 3788 licentia
744 3724 891 3809 originali
917 3722 958 3788 de
986 3725 1154 3787 collatione
1178 3723 1278 3802 lacta,
1305 3736 1337 3788 et

260 3855 264 3865 ·
313 3817 399 3904 quod
433 3820 562 3882 omnino
589 3818 805 3898 concordent,
834 3840 931 3882 manu
958 3818 1087 3904 propria
1115 3816 1333 3901 attestentur,

314 3913 405 3997 cujus
416 3915 551 3978 licentiae
567 3917 658 4000 eopia
670 3916 773 3997 initio,
788 3917 839 3980 vel
850 3917 883 3978 in
900 3917 986 3980 calce
1002 3913 1158 4000 cujusque
1170 3914 1335 3978 Breviarii

314 4030 441 4093 semper
468 4011 689 4095 imprimatur:
708 4009 835 4096 quodsi
851 4033 941 4074 secus
956 4010 1102 4087 fecerint,
1120 4007 1337 4092 Inquisitores

315 4102 466 4169 videlieet
480 4105 667 4189 privationis
691 4127 821 4169 suorum
849 4106 1038 4184 officiorum,
1056 4124 1093 4166 ac
1118 4101 1337 4166 inhabilitatis

315 4199 353 4263 ad
376 4201 441 4282 illa,
460 4210 491 4263 et
514 4203 575 4264 alia
588 4202 619 4263 in
637 4211 799 4284 posterum
817 4199 1004 4280 obtinenda,
1017 4197 1185 4280 antistites
1201 4215 1285 4260 vero
1304 4209 1337 4261 et
