2754 4740
310 215 374 278 172
595 233 684 275 nnus
707 232 897 274 caussarum
921 231 1046 272 ursssrr.

310 337 508 422 extinguitur
520 335 581 400 nisi
593 344 761 420 postquam
773 330 1126 416 secerdosSanguinem
1137 333 1318 417 sumpserit,

309 433 361 496 vel
377 431 456 495 alios
476 428 773 505 communicaverit,
795 427 820 490 si
833 427 889 513 qui
905 434 1000 488 erunt
1015 425 1275 489 communicandi
1291 426 1318 486 in

310 524 413 606 Missa)
431 525 576 588 minister
591 543 689 586 manu
711 523 839 586 sinistra
854 523 959 584 elevat
974 519 1116 582 fimbrias
1132 521 1321 605 posteriores

309 619 456 703 planete,
479 639 520 681 ne
549 618 653 702 ipsum
675 616 893 680 celebrantem
915 610 1069 697 impediat
1092 613 1124 675 in
1143 614 1320 678 elevatione

308 710 526 793 brachiorum,
540 709 629 798 quod
641 721 673 773 et
687 711 765 775 facit
779 710 812 772 in
829 708 1007 774 elevatione
1024 706 1138 771 Calicis
1153 729 1162 770 r
1184 719 1218 773 et
1231 731 1318 772 manu

308 799 421 868 dextra
437 807 542 890 pulsat
566 807 790 891 campanulam
813 815 862 868 ter
877 801 919 867 ad
934 823 1201 889 unamquamque
1219 805 1322 867 eleva·
1368 855 1370 892 ,

308 898 441 976 tionem,
458 901 512 964 vel
523 899 719 982 continuate,
737 919 905 984 quousque
919 894 1068 962 sacerdos
1080 892 1227 980 deponat
1244 897 1320 960 llos·

309 993 385 1057 tiam
400 1015 498 1080 super
512 994 696 1080 Corporale,
718 1005 750 1058 et
771 994 917 1058 similiter
932 988 1136 1077 postmodum
1153 990 1199 1055 ad
1219 994 1320 1054 eleve—
1369 1021 1370 1080 r

310 1088 428 1152 tionem
444 1088 569 1153 Calicis.

351 1183 384 1243 7.
411 1180 595 1264 Celebrans,
621 1178 754 1245 adorato
782 1183 1002 1260 sacramento,
1019 1181 1132 1268 surgit,
1152 1191 1186 1244 et
1203 1177 1321 1242 discoo-
1368 1227 1370 1264 ,

309 1277 392 1361 perit
415 1273 566 1357 Calicem,
592 1276 624 1338 in
647 1297 759 1361 quem,
784 1276 810 1340 si
833 1297 913 1360 opus
936 1276 987 1357 sit,
1017 1275 1157 1360 extergit
1184 1272 1319 1360 digitos3

308 1368 395 1456 qued
411 1390 538 1455 semper
552 1370 658 1450 iaciat,
678 1370 705 1432 si
718 1367 850 1456 aliquod
864 1369 1080 1455 fragmentum
1097 1366 1211 1455 digitis
1225 1365 1322 1429 adhe·
1368 1371 1370 1438 i

307 1476 387 1542 reat,
397 1476 429 1528 et
442 1475 526 1528 stons
539 1474 665 1528 erectus
676 1463 771 1529 dicit:
781 1465 887 1529 Simili
898 1463 986 1530 modo
997 1475 1163 1549 postquem
1178 1473 1324 1526 coenatum
1368 1447 1370 1522 Ϊ

307 1571 361 1638 est,
379 1570 411 1623 et
426 1559 581 1624 ambabus
594 1560 742 1624 manibus
758 1560 917 1644 accipiens
937 1558 1077 1623 Calicem
1089 1557 1188 1643 juxta
1206 1554 1323 1620 nodum
1368 1529 1370 1642 l

307 1652 388 1716 infra
404 1674 553 1738 cuppam,
574 1663 606 1717 et
621 1655 858 1740 aliquantulum
873 1652 972 1716 illum,
988 1653 1131 1730 elevem,
1157 1673 1198 1715 ac
1224 1650 1322 1714 statim
1363 1643 1370 1755 p

305 1746 486 1832 deponam,
504 1746 582 1811 dicit
596 1747 749 1831 accipiens
778 1760 804 1813 et
831 1748 911 1811 lruuc
935 1746 1123 1832 preclarum
1139 1744 1278 1810 Calicem
1296 1749 1323 1804 iu

308 1855 429 1907 sauctus
448 1843 681 1908 accerseruliiles
697 1865 809 1908 munus
825 1864 910 1924 suus,
943 1855 1012 1922 ete,
1044 1864 1118 1906 cum
1148 1839 1232 1906 dicit
1260 1842 1325 1902 iteru
1364 1821 1370 1848 ⁴

307 1937 363 2002 tibi
381 1940 501 2021 pretias
525 1959 631 2023 opens,
661 1949 757 2024 caput
780 1938 912 2002 inclinat
925 1961 934 2019 ;
964 1959 1038 2002 cum
1061 1935 1139 2000 dicit
1160 1934 1322 2007 benedicit,
1367 1971 1370 2032 ὲ

307 2031 434 2095 sinistra
451 2031 589 2095 Calicem
606 2033 689 2096 infra
707 2054 845 2117 cuppam
858 2030 1221 2116 tenens,dextrasignat
1236 2046 1324 2108 super

309 2146 395 2205 eum,
410 2135 441 2189 et
452 2147 649 2212 prosequens
665 2128 806 2213 deditque
818 2127 978 2211 discipulis
993 2130 1070 2204 suis,
1085 2137 1154 2205 etc,
1170 2135 1205 2188 et
1219 2124 1323 2187 amba·
1369 2183 1370 2206 ,

309 2219 369 2282 hus
393 2220 540 2284 manibus
566 2231 678 2285 tenens
705 2220 855 2302 Calicem,
885 2219 1035 2284 videlicet
1051 2219 1181 2283 sinistra
1199 2216 1320 2304 pedem,
1369 2207 1370 2288 f

310 2310 422 2377 dextra
438 2311 560 2376 nodum
572 2313 656 2376 infra
672 2336 822 2400 cuppam,
840 2314 956 2378 cubitis
968 2334 1065 2398 super
1084 2314 1187 2377 altare
1205 2310 1318 2397 positis,

311 2419 342 2472 et
358 2409 461 2493 capite
474 2408 637 2488 inclinate,
655 2410 777 2494 profert
788 2419 920 2490 attente,
934 2410 1129 2488 continuate,
1145 2418 1178 2471 et
1191 2415 1319 2483 secreto,
1368 2403 1369 2420 ¹

310 2512 467 2586 utsupra,
487 2500 586 2566 verba
601 2501 855 2567 Consecrstionis
879 2504 1073 2589 Sanguinis:
1091 2504 1151 2566 Hic
1181 2513 1225 2565 est
1248 2502 1322 2562 euius
1366 2575 1367 2578 Ἴ

313 2593 415 2672 Celirr,
429 2607 485 2658 ete.
496 2595 733 2678 Quibusdictis,
746 2597 1020 2683 reponitCalieem
1031 2617 1128 2680 super
1140 2593 1322 2680 Corporale,
1366 2655 1367 2684 ,

312 2699 345 2752 et
356 2689 467 2752 dicens
478 2699 618 2752 secreto:
635 2691 709 2754 Haec
725 2693 971 2777 quotiescumque
986 2691 1130 2776 feceritis,
1143 2701 1216 2766 etc,
1226 2707 1322 2774 genu·
1366 2741 1367 2744 ,

311 2782 413 2846 flexus
430 2783 627 2868 Sanguinem
643 2796 831 2849 reverenter
856 2785 981 2849 adorat.
999 2786 1080 2847 Tum
1102 2805 1136 2847 se
1162 2783 1270 2868 erigit,
1293 2787 1321 2840 et
1366 2839 1367 2844 ,

312 2877 470 2962 accipiens
487 2875 624 2941 Calicem
642 2876 880 2963 discoopertum
897 2901 969 2942 cum
990 2878 1154 2964 Sanguine
1170 2874 1324 2940 ambabus
1366 2867 1367 2876 ³

312 2970 471 3051 manibus,
496 2980 532 3033 ut
557 2971 657 3055 prius,
686 2974 791 3037 elevat
806 2994 892 3052 cum,
922 2984 953 3036 et
981 2984 1136 3053 erectum,
1171 2980 1322 3059 quantum
1367 3041 1368 3046 γ

313 3062 480 3129 commode
517 3075 632 3149 potest,
663 3066 802 3131 ostendit
836 3071 955 3153 populo
989 3065 1216 3131 adorandum:
1253 3082 1321 3126 mox
1367 3057 1368 3116 l

313 3163 417 3245 ipsum
433 3172 620 3224 reverenter
639 3164 766 3246 reponit
781 3184 878 3248 super
892 3162 1064 3248 Corporale
1089 3161 1121 3223 in
1136 3163 1246 3226 locum
1260 3155 1321 3242 pri·

239 3288 242 3296 ·
313 3256 482 3336 stinum,et
494 3276 592 3319 manu
608 3254 740 3321 dextera
751 3260 842 3322 Palla
855 3258 1009 3343 cooperit,
1018 3276 1054 3319 ac
1067 3256 1257 3341 genuflexus
1268 3252 1320 3314 Se·

313 3360 511 3414 crementum
528 3361 711 3415 veneratur.

358 3443 390 3505 8.
414 3444 451 3505 ln
463 3445 557 3507 Missa
574 3446 706 3509 solemni
724 3443 877 3510 adfinem
893 3447 1092 3510 Prselationis
1106 3442 1328 3510 accenduntur

314 3537 378 3602 duo
391 3540 501 3601 saltem
515 3538 674 3603 intorticia
690 3540 731 3604 ab
743 3541 908 3626 acolythis,
926 3563 996 3626 quae
1012 3541 1246 3627 extinguuntur
1256 3543 1321 3621 post

314 3633 526 3698 elevationem
551 3633 675 3715 Calicis,
704 3636 763 3698 nisi
791 3637 889 3721 aliqui
911 3635 974 3698 sint
999 3631 1269 3710 communicandi,
1291 3638 1318 3690 et

313 3736 389 3789 tune
404 3727 636 3812 extinguuntur
650 3740 722 3813 post
737 3729 1016 3794 Communionem.
1039 3732 1076 3793 ln
1096 3728 1212 3792 diebus
1228 3727 1317 3790 etiam
1366 3781 1367 3814 ,

307 3817 521 3903 jejuniorum,
539 3832 571 3885 et
585 3823 617 3884 in
641 3823 743 3887 Missis
765 3847 824 3909 pro
846 3823 1012 3889 Defunetis
1029 3835 1178 3890 tenentur
1194 3837 1316 3887 accensa
1366 3817 1367 3848 ¹

312 3933 413 3996 usque
434 3909 476 3974 ad
497 3913 774 3982 Communionem.
803 3921 883 3984 Cum
903 3929 1011 3984 autem
1037 3919 1205 3984 celebrans
1221 3914 1315 3979 dicit:

316 4006 418 4085 Quum
444 4007 636 4087 oblationem,
662 4025 732 4090 ete,
748 4012 901 4078 diaconus
928 4012 1052 4077 aceedit
1073 4010 1114 4076 ad
1131 4009 1201 4096 ejus
1216 4007 1319 4072 dexte·

313 4121 393 4178 ram,
418 4110 449 4164 et
472 4101 515 4164 ibi
538 4103 569 4166 in
593 4105 749 4188 superiori
773 4107 876 4195 gradu
896 4109 1004 4171 altaris
1021 4107 1221 4194 genuflexus,
1249 4119 1317 4168 eum
