2832 4730
460 187 636 235 norrun.
1030 171 1073 236 15

72 337 125 392 Alio
136 337 232 392 tabella
247 335 415 408 Epirotarum
438 322 664 406 respondentium
678 335 777 394 bursis
792 336 917 393 numeris
941 337 976 394 ub
997 352 1073 393 euno

199 421 270 474 1700
283 417 425 490 inclusive,
437 433 525 490 usque
538 417 574 472 ud
584 434 691 474 annum
709 419 780 476 1000
800 419 946 476 exclusive.

36 633 38 716 t
107 625 199 689 Aurei
224 644 314 688 num.
360 624 414 688 10.
462 623 516 686 11.
544 605 1071 692 Tm

35 741 38 752 ¹
108 719 239 802 Epactre.
365 716 408 780 ir.
455 737 511 780 xx.
567 714 596 801 j.
656 717 716 804 xij.
772 719 864 806 xxiij.
911 722 956 785 iv.
1016 743 1071 788 xv.

109 835 158 897 17.
226 831 280 896 16.
349 831 403 895 19.
473 831 506 896 1.
571 833 604 896 1.
673 831 706 897 ὅ.
791 833 825 896 4.
908 833 941 898 b.
1009 836 1041 899 6.

95 923 178 1010 1101.
225 923 283 1010 vij.
344 922 437 1010 xviij.
488 921 503 950 '¹
563 924 609 1010 xj.
655 923 736 1010 xxij.
782 924 831 1011 iij.
881 927 949 992 riv.
996 950 1071 996 xxv.

82 1039 110 1101 7.
195 1038 230 1124 tt.
322 1037 355 1101 9.

69 1133 109 1217 vj.
152 1133 232 1219 xvij.
279 1132 393 1218 xxviij.

104 1348 153 1416 Ad
181 1348 356 1416 tollendum
382 1346 617 1414 dubitationem
639 1346 681 1414 de
702 1370 764 1413 usu
789 1349 887 1436 hujus
911 1371 1003 1416 nove
1026 1361 1074 1418 te·

67 1446 150 1509 belle
165 1447 373 1532 Epeotorum,
384 1440 588 1508 ostendemus
613 1465 683 1508 rem
695 1445 862 1532 exemptis.
878 1443 973 1512 Anno
990 1446 1075 1514 1700

67 1539 219 1604 tribuitur
242 1541 359 1626 Epectu
376 1539 419 1620 ir,
437 1559 509 1625 quor
523 1536 584 1602 sub
604 1537 713 1603 Aureo
725 1559 860 1604 numero
883 1539 1074 1608 100011000·

66 1643 135 1697 tor:
168 1633 289 1720 fietque
332 1631 541 1698 Noritunium
572 1633 615 1696 11
645 1631 802 1714 Ianuarii,
827 1633 870 1699 10
894 1634 1073 1721 Februarii,

63 1732 103 1794 11
115 1731 234 1796 Martii.
249 1731 331 1796 Item
347 1751 432 1795 enno
448 1730 531 1794 1701
558 1729 719 1795 tribuatur
730 1731 848 1818 Epectn
861 1753 916 1814 xx,
931 1733 992 1799 sub
1011 1735 1075 1800 An·

65 1847 115 1889 reo
128 1846 265 1891 numero
282 1827 320 1890 11
336 1824 501 1906 collocate,
513 1843 586 1910 que
601 1833 669 1889 toto
680 1845 720 1889 eo
730 1845 815 1891 enno
830 1825 862 1890 in
878 1825 1076 1896 Kelenderio

63 1920 230 1984 Novituniu
251 1917 463 1984 monstrubit:
492 1927 528 1982 ut
543 1919 575 1981 in
590 1917 743 1984 tenuerio
765 1916 819 1983 die
837 1919 1076 1996 1110110610-

62 2015 126 2080 ario
139 2013 192 2080 die
206 2017 239 2093 9,
258 2015 291 2078 in
304 2014 417 2079 Martio
432 2011 485 2078 die
509 2014 564 2078 11.
577 2015 617 2078 Et
631 2013 677 2079 sic
691 2012 845 2100 deinceps
860 2035 918 2101 per
928 2013 1074 2082 ordinem

62 2111 148 2175 annis
165 2108 461 2197 progredientibus,
485 2106 652 2174 redeundo
667 2107 709 2173 ud
727 2109 919 2196 principium
936 2111 1073 2196 tubelle,

63 2204 327 2289 quotiescumque
352 2223 422 2266 eum
438 2201 649 2287 percurreris.
665 2202 791 2268 Rursus
802 2223 886 2268 enno
897 2204 1077 2293 17101100-

62 2309 109 2362 cto
131 2319 196 2362 noo
223 2296 370 2383 signetur
386 2317 533 2378 numero,
559 2295 617 2361 scd
638 2297 700 2362 hoo
723 2293 844 2384 signo*
867 2297 955 2385 quod
980 2303 1078 2366 cotto·

62 2405 150 2458 catur
162 2392 225 2456 sub
242 2390 352 2457 Aureo
364 2411 499 2455 numero
513 2393 543 2472 1,
559 2401 591 2456 et
606 2391 638 2454 in
650 2389 847 2456 Kelenderio
859 2401 925 2457 toto
940 2413 979 2458 eo
994 2416 1077 2461 enno

61 2489 232 2555 Noritunin
259 2484 425 2568 indicabit,
443 2485 598 2550 nimirum*
619 2486 651 2549 in
673 2486 825 2550 Junuurio
848 2484 901 2551 die
921 2489 951 2570 1,
976 2491 1076 2567 0151,

73 2606 92 2646 n
118 2583 234 2648 Martio
259 2581 347 2668 (nem
374 2582 405 2644 in
428 2580 604 2645 Februario
630 2580 754 2644 nullum
778 2589 854 2646 tunc
874 2581 1078 2647 eritNovitu·

59 2677 157 2760 nium,
172 2698 250 2742 cum
267 2676 300 2738 in
311 2696 351 2740 eo
375 2677 503 2762 signum
525 2674 587 2740 boo
603 2667 619 2702 ⁸
638 2694 701 2739 non
724 2675 916 2760 reperietur)
930 2672 983 2739 die
999 2677 1031 2756 1,
1046 2686 1079 2741 et

58 2771 111 2853 51,
125 2781 158 2835 et
167 2769 291 2856 Aprilis
304 2767 357 2832 die
368 2770 422 2848 19,
439 2778 501 2833 etc.
518 2767 561 2855 (‘)

98 3007 125 3079 (⁶)
147 3009 210 3064 Atio
227 3005 319 3063 tebettn
332 2975 490 3079 Epoctorum
503 2969 712 3078 respondentium
725 3007 814 3064 ouret'r
830 3011 948 3065 numeru
961 3008 994 3066 00
1007 3027 1077 3068 enno

60 3093 134 3146 1900
145 3091 274 3148 inclusive
285 3106 364 3164 urqrte
372 3089 408 3145 od
422 3106 523 3146 annum
535 3091 769 3147 ceucocroca.

116 3303 141 3354 1.
212 3300 240 3352 1.
309 3300 335 3352 3.
403 3297 431 3353 1.
498 3301 526 3353 5.
593 3299 622 3354 0.
688 3301 716 3353 7.
784 3297 813 3353 8.
878 3299 906 3353 9.
971 3299 1016 3352 10.

94 3374 169 3429 xxix.
212 3389 241 3426 x.
293 3371 351 3444 xxj.
396 3370 428 3444 ij.
479 3370 541 3444 xiij.
562 3371 635 3428 xxiv.
686 3388 713 3428 r.
766 3371 822 3444 xvj.
848 3370 933 3442 xxvij.
961 3372 1021 3442 viij.

97 3478 144 3530 11.
197 3476 243 3528 11.
294 3475 339 3528 13.
389 3473 434 3528 11.
485 3476 529 3528 15.
578 3475 621 3528 16.
674 3475 717 3528 17.
769 3473 814 3529 18.
864 3475 909 3528 10.

91 3549 149 3604 rix.
212 3548 227 3576 ¹‘
292 3547 334 3620 xj.
373 3547 442 3619 xxij.
481 3547 525 3619 fij.
571 3548 625 3604 rir.
666 3550 713 3604 15.
768 3547 807 3620 vj.
847 3547 913 3620 xvij.

43 3757 53 3772 ⁰
95 3758 240 3814 Postremo
253 3769 327 3810 enno
346 3755 417 3810 1916
431 3755 539 3809 Aureus
559 3771 691 3810 numerus
711 3757 752 3809 est
773 3757 819 3825 17,
837 3754 889 3810 sub
911 3769 967 3826 quo
992 3753 1074 3810 Ordi-

54 3839 122 3896 dine
145 3839 317 3912 Epacturum
340 3835 429 3892 tertiae
451 3837 571 3907 tobellae,
592 3853 654 3910 qum
676 3835 816 3909 proposito
839 3851 912 3891 enno
933 3836 1073 3909 congruit,

60 3921 317 3994 reperiturEpooto
340 3921 375 3974 16
400 3935 455 3976 000
477 3920 593 3992 antiquo
616 3935 745 3991 numero,
768 3921 801 3975 ut
817 3917 879 3975 sliu
892 3919 1012 3991 Epeotae,
1027 3921 1075 3977 sed

57 4002 169 4074 vulgari
183 4019 303 4059 numero
316 4000 429 4074 scripte.
445 4000 616 4075 Ubicumque
626 4017 693 4076 ergo
703 4016 776 4058 unnc
789 4000 862 4055 1016
873 3998 902 4054 10
913 3999 1074 4058 Kelenderio

59 4087 164 4162 Epeotu
184 4087 221 4142 25
239 4085 348 4158 rotgeri
361 4099 479 4142 numero
501 4085 604 4159 scripto
625 4085 772 4160 reperitur,
788 4082 828 4140 ibi
844 4082 1021 4139 novilunium
1043 4083 1075 4139 ut
