2806 4736
334 174 377 237 90
754 186 949 238 oumsrrenss

377 297 419 363 R.
435 297 480 362 Ea
502 292 772 361 Commemoratio
795 289 927 375 ponitur
948 288 1091 356 seeundo
1113 294 1198 372 loeo,
1230 305 1260 359 et
1282 317 1331 381 pro

337 390 430 454 tertia
442 389 594 454 Oratione
614 383 778 452 ordinaria
793 383 933 447 sumitur
947 383 1003 448 ilia
1017 405 1088 471 quae
1111 386 1190 451 alias
1204 388 1331 453 seeundo

333 486 405 548 loeo
420 481 559 550 dicenda
584 490 665 564 erat,
683 501 756 568 qum
773 499 852 544 vero
877 488 1025 564 superest
1046 479 1157 546 Oratio
1184 480 1330 547 ordinaria

334 579 678 644 ommittitnr.1neasu
694 573 861 662 proposito
875 571 1020 638 secunda
1034 575 1145 640 Oratio
1171 576 1235 641 erit
1256 599 1330 641 eom·
1379 643 1380 646 ,

335 673 525 739 memoratio
556 672 678 754 Sancti,
706 669 846 735 tertiaA
861 671 991 733 cunetis
1023 667 1168 751 Quod
1142 691 1169 734 ει
1194 668 1263 736 duee
1285 693 1330 736 oc·
1379 667 1380 690 *

335 777 466 834 currant
501 763 830 832 commemorationes
870 771 1010 849 utraque
1043 764 1203 829 omittitur
1234 766 1329 831 Oratio

335 862 510 928 ordinaria.
530 862 578 927 Ex
599 860 718 947 quibus
745 855 908 944 colligitur
937 857 1007 922 haee
1032 859 1146 944 regula
1167 860 1329 946 generalior
1380 839 1381 900 i

335 958 502 1023 Orationes
516 955 687 1020 ordinariae
709 973 839 1038 semper
863 953 972 1017 locum
994 950 1114 1018 cedunt
1141 953 1330 1019 commemo·

334 1051 513 1118 rationibus
526 1049 732 1137 specialibus.

378 1145 499 1227 Quoest
518 1145 580 1210 167
595 1145 675 1208 An
662 1165 695 1208 an
707 1145 804 1208 Misso
819 1141 1128 1247 ritusSerrrideplieis
1139 1143 1330 1230 pturssqnen
1382 1129 1383 1218 i

336 1251 397 1304 tres
421 1236 588 1306 Orationes
602 1238 665 1301 dici
678 1257 741 1302 non
754 1234 911 1320 possunt?

377 1335 423 1399 lt.
438 1333 471 1396 Si
488 1355 546 1420 per
560 1333 727 1398 Orationes
742 1331 904 1418 intelligas
918 1331 1088 1400 Orationes
1107 1329 1330 1397 ordinariasse·

335 1425 486 1491 cundoet
500 1427 596 1493 tertio
610 1428 681 1490 loeo
712 1426 901 1512 assignatas,
926 1425 1036 1512 plures
1065 1447 1163 1514 quam
1193 1434 1258 1490 tres
1281 1422 1331 1487 diei
1383 1479 1384 1486 ,

337 1541 400 1584 non
414 1529 563 1606 possunt,
587 1520 613 1584 si
637 1539 715 1585 vero
729 1518 791 1584 sub
813 1519 875 1584 hoe
889 1519 1049 1585 vocabulo
1074 1522 1172 1585 etiam
1201 1538 1332 1604 eompre-

336 1611 460 1678 hendas
496 1614 854 1696 commemorationes,
892 1635 969 1678 sane
1005 1615 1114 1700 plures
1149 1636 1246 1703 mam
1281 1624 1334 1678 tres

321 1707 399 1775 ·dici
421 1719 553 1796 possunt
582 1718 614 1773 et
643 1705 778 1796 quidem
798 1706 931 1787 debent,
961 1706 1091 1796 quando
1117 1710 1269 1777 nimirum
1284 1717 1335 1771 tres
1385 1740 1386 1829 p

337 1807 389 1870 vei
411 1815 551 1893 quatuor
573 1813 748 1870 occurrunt
768 1803 1125 1888 commemorationes,
1156 1815 1235 1869 tuno
1265 1823 1333 1890 qua·

337 1911 411 1965 tuor
437 1900 491 1963 vel
520 1897 664 1985 quinque
694 1897 832 1963 habebis
862 1897 1032 1962 Orationes
1062 1897 1227 1964 dicendas.
1254 1894 1334 1962 Unde

337 1990 467 2080 quando
493 1989 614 2057 dieitur
642 1990 731 2079 qued
748 1992 781 2056 in
802 1992 898 2056 Missa
923 1994 1004 2057 ritus
1030 1992 1255 2080 semiduplicis
1283 2004 1335 2057 tres

337 2088 517 2170 Orationes,
534 2087 588 2152 vel
603 2085 777 2174 aliquando
794 2085 865 2152 duze
880 2097 1005 2152 tantum
1028 2089 1205 2154 recitentur
1218 2091 1331 2176 (quast.

339 2179 429 2264 tat),
449 2179 681 2244 abstrahitura
697 2178 1063 2245 Commemorationibus
1088 2202 1160 2268 quae
1185 2182 1266 2247 forte
1290 2201 1334 2244 oc·

338 2283 483 2340 currunt.

381 2352 515 2433 Prorsus
529 2377 565 2432 ut
579 2367 678 2432 habet
691 2367 982 2452 nutrientium,
996 2391 1029 2434 n.
1049 2371 1065 2434 1
1084 2392 1093 2434 :
1112 2372 1146 2435 in
1160 2372 1258 2437 Fastis
1274 2373 1334 2436 De·
1388 2351 1389 2428 i

335 2463 469 2550 plicibus
494 2484 559 2526 une
585 2473 706 2527 tentum
736 2463 851 2528 dieitur
883 2463 1007 2544 Oratio,
1036 2465 1102 2530 nisi
1135 2465 1275 2553 faciende
1301 2468 1335 2530 sit
1388 2475 1389 2518 t

339 2557 444 2645 eliqua
460 2553 728 2636 Commemoratio,
741 2557 809 2621 sive
825 2558 895 2623 aliis
910 2559 1038 2625 veritiss
1061 2559 1096 2624 in
1118 2562 1218 2628 Festis
1232 2561 1335 2647 Dupli-

338 2652 399 2718 bus
410 2661 525 2736 praeter
539 2651 723 2717 Orationem
734 2651 978 2718 substantialem
993 2653 1107 2734 Missa,
1125 2657 1190 2722 alia
1210 2678 1271 2722 non
1285 2654 1335 2719 ad-

339 2745 426 2812 ditur
441 2746 550 2811 Oratio
565 2745 708 2812 secundo
734 2749 787 2811 vel
804 2749 898 2813 tertio
920 2751 991 2813 loco
1022 2745 1172 2833 dicenda,
1195 2749 1249 2814 sed
1270 2769 1335 2815 casn

339 2862 405 2930 quo
420 2841 526 2928 aliqua
542 2841 811 2907 commemoratio
823 2853 871 2908 est
884 2841 1130 2924 faciendarum
1141 2847 1335 2932 plnreserunt

339 2934 519 3000 Orationes

384 3021 503 3109 Quaest.
523 3029 597 3094 168.
621 3033 675 3095 An
697 3037 779 3100 ritus
804 2985 943 3120 Simpiee
960 3039 1091 3122 requirit
1121 3048 1156 3103 ut
1184 3036 1335 3104 Orationes

339 3126 403 3188 sint
425 3144 552 3188 numero
565 3126 727 3211 imperes?

384 3218 426 3283 R.
445 3217 492 3281 Ex
507 3216 603 3282 modo
619 3223 785 3308 explicatis
791 3225 903 3290 iacilis
919 3237 967 3292 est
981 3227 1161 3312 responsio;
1185 3250 1210 3292 sr
1201 3225 1335 3290 Oratio

341 3334 398 3377 nes
429 3334 470 3377 ex
504 3313 723 3382 Rubricatum
754 3319 915 3405 exigentia
951 3319 1124 3386 recitandas
1154 3322 1337 3386 constituunt

341 3428 512 3472 nnmerum
526 3429 650 3494 parem,
668 3415 730 3477 alia
756 3413 832 3479 addi
847 3437 912 3480 non
934 3413 1032 3480 debet
1047 3426 1083 3480 ut
1098 3417 1259 3481 conficiant
1285 3435 1336 3476 nu·

242 3517 244 3526 ¹
341 3523 466 3566 merum
481 3503 650 3588 imparem,
669 3508 787 3574 sivero
803 3531 900 3574 unam
926 3511 977 3576 vei
993 3511 1102 3596 plures
1118 3511 1276 3577 Orationes
1288 3531 1337 3574 vo-

340 3595 546 3773 tpvapppgere
562 3599 654 3679 velis,
672 3602 735 3668 sint
748 3625 884 3669 numero
900 3607 1039 3691 impares
1051 3617 1186 3693 oportet.
1196 3606 1264 3692 (Tit.
1282 3603 1337 3684 tx,
