2764 4742
294 189 315 251 2
758 209 864 250 1111111

292 311 469 397 praesertim
500 307 627 375 Gelasio
655 329 691 371 ac
728 306 884 394 Gregorio
911 307 1022 394 primis
1056 307 1246 395 constituta,
1284 324 1317 365 a'

241 459 246 464 .
296 404 454 492 Gregorio
480 413 587 467 autem
616 402 751 490 septimo
775 404 960 485 reformata,
993 425 1067 466 cum
1103 401 1298 465 diuturnitate

295 498 449 584 temporis
479 497 520 560 ab
548 497 678 582 antiqua
695 496 894 561 institutione
910 495 1116 561 deflexisset:
1134 495 1298 560 necessaria

293 595 361 656 visa
376 612 426 654 res
443 598 501 668 est,
515 611 587 676 quae
599 589 640 653 ad
653 589 818 673 pristinam
830 589 945 655 orandi
957 594 1103 679 regulam
1115 592 1299 656 conformata

293 694 512 749 revocaretur.
530 683 594 747 Alii
616 685 700 747 enim
717 686 902 768 praeclaram
918 688 1037 750 veteris
1054 685 1213 752 Breviarii
1233 705 1299 749 con-

293 784 502 860 stitutionem,
516 784 624 846 multis
639 783 716 846 locis
732 784 922 866 mutilatam,
936 785 990 848 alii
1007 786 1137 850 incertis
1153 795 1186 848 et
1200 785 1300 848 alienis

293 877 486 964 quibusdam
515 886 754 956 commutatam,
773 876 1020 944 deformarunt:
1045 881 1178 966 plurimi
1205 878 1299 964 speeie

293 973 396 1036 Officii
408 971 633 1037 commodioris
646 972 764 1045 allecti,
782 973 823 1036 ad
838 973 1030 1038 brevitatem
1048 975 1124 1040 novi
1140 973 1298 1049 Breviarii,

292 1069 502 1133 aFrancisco
518 1068 702 1155 Quignonio
718 1068 803 1131 tituli
832 1069 955 1132 Sanctae
982 1069 1092 1134 Crucis
1122 1071 1154 1133 in
1181 1071 1300 1132 Jerusa-

292 1166 355 1227 lem
372 1163 562 1250 Presbytero
578 1162 745 1227 Cardinale
764 1163 943 1245 compositi,
971 1165 1197 1251 confugerunt.
1226 1164 1299 1244 Quin

293 1258 389 1321 etiam
406 1258 437 1319 in
454 1256 634 1342 provincias
664 1256 819 1340 paulatim
849 1257 1021 1340 irrepserat
1049 1279 1148 1342 prava
1164 1258 1219 1321 illa
1233 1277 1300 1320 con-

291 1350 439 1431 suetudo,
457 1360 493 1413 ut
508 1350 655 1435 Episcopi
673 1350 706 1413 in
721 1351 882 1430 Ecclesiis,
901 1373 971 1438 quae
990 1353 1031 1416 ab
1046 1353 1138 1416 initio
1164 1373 1301 1416 commu-

292 1447 376 1510 niter
391 1466 465 1508 curn
492 1447 607 1509 ceteris
623 1446 724 1510 veteri
748 1447 896 1510 Romano
913 1468 1001 1510 more
1017 1449 1119 1530 Horas
1136 1448 1301 1518 Canonicas

225 1548 229 1560 “
292 1537 400 1603 dicere
417 1559 453 1602 ac
475 1541 612 1623 psallere
640 1540 891 1620 consuevissent,
909 1539 1072 1624 privatum
1087 1542 1148 1605 sibi
1174 1543 1301 1629 quisque

291 1633 493 1699 Breviarium
509 1633 713 1715 conficerent,
726 1632 857 1713 etillam
870 1635 1141 1719 communionem,
1160 1637 1217 1700 uni
1230 1637 1300 1709 Deo,

233 1789 235 1795 .
293 1749 357 1792 una
372 1738 404 1792 01
420 1726 534 1790 eadem
545 1727 694 1808 formula,
709 1749 821 1812 preces
837 1737 869 1790 et
884 1727 995 1791 laudes
1010 1727 1198 1810 adhibendi,
1217 1727 1302 1792 dissi-

294 1823 428 1887 millimo
446 1823 530 1885 inter
543 1842 588 1897 se,
607 1843 644 1885 ac
674 1841 756 1900 pene
784 1826 938 1906 cujusque
954 1821 1160 1907 Episcopatus
1179 1822 1302 1907 proprio

292 1918 403 1982 Officio
420 1915 649 2001 discerperent.
668 1916 752 1979 Hinc
767 1915 822 1977 illa
838 1925 902 1978 tam
916 1915 1025 1978 multis
1042 1916 1075 1978 in
1101 1917 1179 1980 locis
1207 1913 1302 1979 divini

296 2015 401 2078 cultus
417 2011 638 2098 perturbatio:
657 2010 733 2074 binc
748 2031 872 2073 summa
888 2010 919 2072 in
938 2009 1030 2074 Clero
1046 2012 1203 2097 ignoratio
1218 2031 1304 2076 erere-

293 2108 473 2172 moniarum
489 2127 525 2169 ac
540 2107 674 2170 Rituum
690 2104 994 2185 Ecclesiasticorum,
1008 2115 1044 2168 ut
1060 2105 1303 2170 innumerabiles

292 2203 505 2268 Ecclesiarum
531 2201 679 2280 ministri,
698 2200 729 2262 in
746 2221 802 2262 suo
817 2220 951 2262 munere
978 2197 1141 2282 indecore,
1160 2222 1224 2264 non
1241 2201 1302 2263 sine

293 2319 409 2384 magna
434 2297 561 2380 piorum
587 2293 772 2376 offensione,
801 2305 1019 2374 versarentur.
1038 2296 1129 2358 Hanc
1155 2295 1303 2358 nimirum

293 2390 406 2456 orandi
435 2391 623 2454 varietatem
651 2389 837 2474 gravissime
867 2389 973 2450 ferens
1001 2389 1057 2451 fel.
1076 2409 1173 2451 rncm.
1190 2389 1303 2451 Paulus

295 2491 384 2570 Papa
408 2495 539 2572 quartus
567 2481 739 2546 emendare
756 2483 982 2545 constituerat:
1001 2483 1108 2568 itaque
1125 2483 1302 2566 provisione

293 2578 448 2655 adhibita,
464 2599 503 2639 ne
521 2577 586 2639 ulla
602 2576 634 2636 in
658 2585 822 2659 posterum
837 2575 912 2638 novi
929 2575 1086 2638 Breviarii
1098 2575 1227 2663 licentia
1240 2598 1302 2660 per·

293 2675 485 2748 mitteretur,
501 2681 600 2735 totam
631 2671 787 2733 rationem
816 2668 943 2734 dicendi
970 2691 1006 2733 ac
1032 2670 1189 2754 psallendi
1205 2673 1303 2735 Horas

294 2766 479 2842 Canonicas,
494 2762 534 2826 ad
548 2763 715 2846 pristinum
728 2785 850 2826 morem
863 2775 893 2826 et
906 2764 1083 2827 institutum
1097 2763 1302 2850 redigendam

292 2861 444 2943 suscepit.
457 2854 523 2920 Sed
539 2878 577 2919 eo
594 2866 713 2940 postea,
731 2855 874 2920 nondum
891 2857 929 2918 iis
940 2878 1015 2942 ¹quae
1031 2859 1160 2944 egregie
1175 2859 1303 2923 inchoa-

293 2962 382 3017 verat
398 2951 559 3036 perfectis,
577 2949 618 3012 de
635 2951 698 3014 vita
715 2949 903 3032 decedente,
922 2972 995 3014 curn
1017 2972 1036 3014 a
1056 2953 1115 3035 piae
1132 2973 1230 3014 mem.
1248 2954 1302 3016 Pio

292 3049 378 3131 Papa
405 3049 518 3131 quarto
534 3042 756 3107 Tridentinum
776 3045 964 3122 Concilium,
982 3055 1076 3108 antea
1093 3045 1182 3110 varie
1206 3047 1303 3110 inter·

292 3143 435 3220 missurn,
452 3149 637 3203 revocatum
655 3149 747 3212 essct,
763 3140 872 3202 Patres
888 3141 919 3200 in
937 3139 990 3201 illa
1005 3140 1135 3202 salutari
1153 3135 1303 3204 reforma-

292 3237 378 3300 tione
395 3235 435 3299 ab
452 3235 567 3298 eodem
582 3234 723 3298 Concilio
740 3235 920 3316 constituta,
935 3236 1136 3299 Breviariurn
1154 3258 1193 3298 cx
1210 3236 1305 3320 ipsius

290 3331 381 3395 Pauli
397 3331 490 3414 Papae
514 3331 637 3393 ratione
663 3330 832 3393 restituere
862 3331 1054 3416 cogitarunt.
1073 3332 1183 3414 Itaque
1211 3327 1305 3416 qnid·

290 3424 369 3512 quid
387 3425 428 3488 ab
444 3446 481 3488 eo
497 3426 530 3487 in
555 3446 644 3488 sacro
661 3445 757 3508 opere
773 3426 941 3488 collectum
961 3424 1225 3510 elaboratumque
1240 3425 1305 3486 fue-

290 3529 349 3597 rat,
374 3519 506 3582 Concilii
536 3518 683 3582 Patribus
710 3516 895 3582 Tridentum
922 3540 939 3581 a
967 3519 1118 3603 preedicto
1140 3519 1198 3580 Pio
1221 3521 1305 3600 Papa

289 3613 420 3678 missurn
448 3622 505 3676 est.
524 3612 585 3676 Ubi
612 3633 685 3675 cum
712 3609 812 3676 doctis
839 3613 1031 3699 quibusdam
1058 3613 1164 3698 etpiis
1180 3613 1292 3676 virise

257 3761 259 3766 ,
289 3707 430 3770 Concilio
442 3704 552 3772 datum
569 3716 650 3770 esset
663 3707 839 3792 negotium,
857 3718 892 3772 ut
907 3707 948 3771 ad
964 3709 1121 3795 reliquam
1137 3708 1304 3791 cogitatio·

289 3823 374 3883 nern,
391 3802 550 3867 Breviarii
566 3824 694 3889 quoquc
711 3823 821 3866 curam
844 3802 1070 3891 adjungerent,
1088 3805 1225 3867 instante
1235 3801 1304 3886 jam

288 3899 492 3960 conclusione
507 3897 652 3974 Concilii,
670 3905 734 3961 tota
757 3919 808 3960 res
836 3897 877 3960 ad
895 3899 1116 3962 auctoritatem
1127 3893 1305 3981 judicium-

289 4012 351 4076 que
368 3993 505 4055 Rornani
523 3993 684 4056 Pontificis
700 4012 739 4056 ex
752 3990 882 4057 decreto
899 3993 1044 4078 ejusdem
1056 3991 1188 4057 Concilii
1206 3991 1304 4054 relata
