2750 4738
450 291 644 335 euaristum.
1009 271 1071 336 1⁶25

71 415 184 478 semper
199 395 414 480 imprimatur.
433 391 528 473 Quod
545 394 570 456 si
587 415 678 458 scens
700 394 847 474 fecerint,
864 393 1073 478 Inquisitorcs

71 487 211 553 videlieet
234 489 423 572 privationis
449 510 580 550 suornm
604 491 794 570 officiorum,
810 509 847 551 ac
864 488 1072 552 inhabilitatis

70 581 104 644 ad
118 584 181 662 illa,
199 595 232 648 et
246 584 308 646 alia
333 583 367 644 in
384 593 546 666 posterum
563 582 755 664 obtinenda3
778 581 945 646 Antistitcs
964 593 1069 646 autern

71 685 96 737 et
109 675 268 740 Ordinarii
283 678 427 740 locorum
444 679 660 760 suspensionis
672 701 690 741 a
702 678 840 751 Divinis,
856 697 893 740 ae
908 677 1069 741 interdicti

70 771 104 834 ah
127 772 272 858 ingressu
297 771 469 851 Ecclesiae3
488 793 600 836 eorum
632 795 708 837 vcro
723 772 856 854 Viearii,
885 772 1072 856 privationis

70 865 204 928 similiter
219 865 397 930 officiorum
414 876 445 928 et
461 865 691 929 beneficiorum
716 887 859 946 suornm,
878 876 909 928 et
926 865 1072 928 inhabili-

71 960 132 1022 tatis
145 958 183 1023 ad
201 961 269 1043 illa,
288 971 319 1023 et
343 961 405 1022 alia
420 961 452 1021 in
478 971 639 1044 posterum
655 957 844 1036 obtinenda,
864 981 901 1023 ac
916 970 1071 1044 praeterea

70 1054 397 1118 excommunicationis
414 1056 535 1138 absque
556 1055 617 1117 alia
634 1053 862 1131 declaratione,
879 1063 916 1115 ut
937 1053 1070 1136 praeler-

71 1156 123 1226 tur,
139 1169 248 1232 poenas
264 1150 429 1212 incurrant
453 1169 490 1210 eo
507 1149 587 1234 ipso.
612 1149 761 1212 Ceterum
778 1167 956 1232 pauperum
973 1147 1072 1209 ecclc·

70 1238 187 1320 siarum,
206 1239 417 1320 Clericorum,
441 1252 472 1303 et
496 1263 703 1324 personarum
719 1240 1017 1320 ecclesiasticarum,
1035 1261 1072 1302 ac

70 1335 330 1420 typographorum
344 1345 375 1397 ct
390 1334 639 1418 bibliopolarum
656 1345 934 1420 quorumcumque
951 1332 1072 1395 indem-

70 1427 163 1490 nitatis
185 1450 227 1490 ex
241 1429 441 1513 benignitate
455 1429 628 1512 apostolica
651 1427 809 1490 rationem
824 1427 992 1506 hahentes,
1009 1427 1071 1489 eis·

70 1519 132 1585 dem
146 1524 284 1587 blissalia
301 1524 457 1587 hactenus
481 1525 635 1608 impressa
650 1544 749 1607 penes
764 1544 797 1584 se
810 1521 1005 1585 habentibus
1021 1521 1073 1606 (iis

69 1615 224 1683 dumtaxat
253 1621 406 1704 exeeptis,
440 1640 510 1704 quae
540 1619 729 1682 auctoritate
761 1625 880 1697 nostra,
908 1626 944 1679 ut
976 1637 1072 1700 supra

69 1708 177 1776 dietum
193 1724 254 1788 cst,
272 1712 443 1777 interdieta
461 1723 492 1776 et
504 1713 657 1798 abrogata
673 1713 814 1794 luerunt)
830 1720 866 1774 ut
884 1732 921 1773 ea
932 1712 1071 1774 retinere

70 1807 166 1869 stillis
188 1809 248 1886 uti,
277 1829 378 1894 eaque
394 1807 538 1871 vendere
564 1808 743 1892 respective
770 1807 904 1891 possint,
925 1805 1072 1867 similiter
1162 1893 1165 1898 ,

70 1904 273 1982 permittimus
299 1913 331 1965 et
357 1901 575 1989 indulgemus.
600 1903 668 1966 Non
695 1901 895 1965 obstantibus
922 1899 1070 1979 licentiis,

69 1992 200 2074 indultis,
218 2007 250 2059 et
261 1997 440 2082 privilegiis
453 1999 722 2082 quibuscumque,
741 1992 947 2080 typographis
961 1991 1071 2054 haete-

70 2109 121 2151 nus
130 2088 254 2174 perNos
263 2113 319 2153 seu
330 2113 478 2154 romanos
490 2085 660 2154 Pontifices
673 2088 921 2173 praedecessores
933 2096 1069 2165 nostros,

71 2182 183 2247 Missale
198 2185 389 2270 praedictum
405 2187 453 2249 Pii
467 2185 577 2266 Quinti
593 2182 800 2269 imprimendi
817 2182 1070 2268 concessisque}

70 2299 119 2358 per
131 2291 301 2363 praesentcs
316 2302 464 2363 expresso
482 2301 681 2358 revocamus,
698 2290 729 2342 et
740 2288 888 2343 revocata
900 2297 967 2339 esse
984 2276 1072 2339 voln-

70 2394 150 2454 mus;
168 2397 307 2439 necnon
331 2375 612 2439 constitutionibus
628 2385 659 2436 et
676 2372 932 2436 ordinationibus
949 2378 1072 2454 aposto·

42 2535 44 2542 ,
71 2468 128 2530 licis
144 2471 349 2554 generalibus
360 2472 412 2535 vel
429 2471 632 2554 specialibus,
657 2469 688 2531 in
705 2467 902 2531 eontrarium
927 2462 1071 2548 praemis-

70 2582 165 2625 sorum
181 2563 485 2650 ‹puornodoeumque
502 2565 672 2643 concessis,
691 2562 884 2626 confirmatis
900 2570 932 2622 et
952 2579 1071 2642 appro-

71 2655 152 2720 batis.
170 2657 294 2738 Quibus
313 2658 474 2740 omnibns,
493 2658 616 2721 etiamsi
644 2655 684 2718 de
710 2657 773 2718 illis
794 2674 970 2738 eorumque
997 2651 1072 2715 totis

71 2751 222 2814 tenoribus
233 2753 392 2836 specialis,
406 2752 564 2836 specifica,
578 2762 611 2814 et
626 2771 772 2834 expressa
787 2748 906 2812 mentio
921 2744 1071 2809 habenda

71 2854 153 2923 esset,
171 2857 297 2910 tenores
313 2844 500 2932 hujusmodi
523 2846 734 2930 praesentibus
751 2865 810 2930 pro
837 2840 993 2926 expressis
1015 2839 1070 2900 ha-

70 2933 183 3014 bentes,
202 2939 263 3002 hac
278 2939 348 3001 vice
364 2939 530 3002 dumtaxat
551 2939 734 3023 specialiter
756 2947 789 2999 et
803 2931 958 3020 expresse
974 2932 1070 2996 dero·
1160 2939 1162 2943 ’

70 3051 182 3112 gamus,
211 3033 389 3117 ceterisque
422 3034 589 3097 contrariis
615 3033 886 3120 quibuscumque.
912 3029 1070 3094 Volumus

70 3131 166 3184 autem
181 3134 217 3186 ut
239 3127 442 3210 praesentium
465 3127 672 3210 transumptis
698 3126 796 3188 etiam
819 3122 992 3208 impressis,
1017 3122 1070 3184 vel

71 3235 156 3279 manu
172 3220 307 3304 alicujus
334 3222 449 3284 notarii
477 3221 598 3306 publici
621 3221 820 3304 subscriptis,
844 3230 877 3281 et
891 3216 995 3302 sigillo
1010 3215 1071 3276 ali-

71 3309 152 3394 cujus
167 3335 310 3398 personae
326 3318 358 3379 in
376 3315 531 3404 dignitate
545 3316 759 3394 ecelesiastica
775 3313 953 3378 constitutae
969 3310 1073 3370 muni·

71 3404 114 3483 tis,
127 3406 236 3472 eadem
251 3433 381 3495 prorsus
396 3409 474 3474 fides
493 3411 662 3490 habeatur,
681 3431 751 3494 quae
768 3409 844 3492 ipsis
861 3401 1071 3491 praesentibus

71 3498 243 3585 haberetur,
258 3507 283 3569 si
300 3516 405 3569 essent
417 3507 579 3584 exhibitae,
599 3506 650 3568 vel
663 3514 808 3566 ostensae.

106 3593 217 3661 batum
243 3601 355 3663 Romae
381 3600 466 3685 apud
494 3610 640 3663 sanetum
671 3599 826 3675 Marcum,
859 3595 919 3666 suh
951 3593 1070 3656 annulo

71 3685 238 3773 Piscatoris,
266 3691 318 3755 die
335 3716 392 3757 vn.
420 3693 498 3757 Julii
515 3717 551 3758 m.
568 3717 599 3755 n.
618 3714 645 3755 c.
664 3713 709 3756 1v.
725 3736 734 3768 ,
748 3685 955 3753 Pontificatus
972 3685 1071 3749 nostri

73 3801 229 3850 annoxnx.

498 3901 540 3962 Μ.
565 3901 718 3966 Vasrnrus
741 3900 939 3961 Bassianus.
