2794 4728
318 225 376 288 ¹5⁴
746 245 890 292 noussen

356 347 389 411 6.
410 346 724 434 TemporePeschali
742 370 805 414 non
820 346 938 412 dicitur
950 348 1043 413 Misso
1055 346 1097 411 de
1113 349 1243 437 vigilia,
1260 354 1312 416 nisi

313 441 345 504 in
363 441 481 528 Vigilia
504 441 715 524 Asecnsionis,
740 465 812 531 qua
826 455 934 510 tamon
956 465 1020 510 non
1042 443 1224 531 jejunatur,
1241 447 1314 510 sicut

312 556 372 601 nec
385 537 502 624 Vigilie
514 538 712 625 Epiphaniae.

391 815 458 892 W.
478 816 534 890 Dc
550 815 678 893 Missis
694 821 827 894 uotiuis
841 816 881 893 S.
901 817 1047 911 Murum,
1068 828 1104 894 et
1127 819 1228 895 aliis.

353 1113 383 1180 1.
410 1111 446 1177 ln
462 1112 610 1178 Sabbatis
629 1125 693 1177 non
717 1109 879 1198 impeditis
895 1111 987 1175 chto
1001 1112 1129 1198 Duplici
1148 1116 1199 1181 vcl
1217 1117 1313 1181 Semi·

308 1203 440 1292 duplici,
457 1206 590 1289 Octava,
606 1205 735 1293 vigilia,
752 1205 852 1270 Feriis
874 1204 1146 1292 Quadrogesimoe,
1162 1211 1216 1274 vel
1232 1209 1312 1291 Qua-

308 1311 381 1365 taor
415 1303 620 1387 Temporum,
654 1302 706 1367 vel
739 1299 851 1365 Officio
881 1298 1017 1385 alicujus
1041 1301 1216 1370 Dominicae
1247 1326 1312 1392 que

307 1396 454 1480 supersit,
472 1396 504 1459 in
519 1393 703 1482 praecedens
719 1394 894 1460 Sabbatum
911 1395 1074 1476 translato,
1092 1395 1211 1462 dicitur
1225 1399 1312 1464 Missa

307 1488 348 1552 de
361 1490 395 1554 S.
412 1490 511 1554 Maris
523 1488 700 1556 seeundum
710 1489 899 1556 varietatem
919 1497 1114 1574 temporum,
1138 1501 1175 1570 ut
1201 1492 1234 1557 in
1256 1491 1311 1556 fine

307 1581 440 1648 Missalis
455 1583 597 1669 ponitur.

349 1679 381 1742 2.
406 1679 443 1742 ln
457 1675 609 1746 Adventu
624 1690 730 1745 autem
742 1680 817 1745 licet
831 1677 979 1744 Officium
994 1700 1057 1744 non
1069 1679 1124 1745 fiat
1139 1678 1180 1745 de
1198 1681 1232 1746 S.
1250 1682 1311 1746 Ma·

306 1775 352 1839 ria
379 1773 411 1838 ln
442 1773 594 1859 sabbalo,
626 1774 743 1841 dicitur
765 1787 873 1842 tamcn
902 1775 997 1840 Missa
1021 1775 1207 1862 principalis
1221 1774 1262 1842 dc
1277 1800 1309 1841 cn

305 1891 379 1936 cum
394 1869 704 1937 Commemoratione
720 1869 761 1935 de
778 1868 942 1950 Adventu,
960 1869 1020 1934 nisi
1036 1869 1156 1934 fuerint
1171 1870 1310 1951 Quatuor

304 1967 472 2051 Tempora,
488 1967 540 2031 vel
555 1966 685 2053 Vigilia,
699 1976 857 2051 utsupra.

347 2061 382 2125 5.
405 2058 485 2124 Aliis
500 2058 615 2125 diebus
638 2061 721 2126 infra
747 2055 997 2142 hebdomadam,
1021 2054 1151 2144 quaudo
1167 2057 1308 2124 Officium

233 2155 235 2161 ’
303 2151 337 2220 fit
353 2152 393 2217 de
407 2152 432 2217 F
434 2153 512 2233 cria,
522 2163 554 2218 ct
564 2175 629 2220 non
642 2164 690 2220 est
703 2152 895 2220 resumenda
907 2151 1000 2217 Missa
1011 2152 1184 2218 Dominieae
1197 2176 1310 2239 praecc-

305 2244 421 2332 dentis,
446 2269 518 2335 quae
540 2249 638 2314 fuerit
652 2249 818 2336 impedita,
841 2248 997 2336 (exceptis
1011 2247 1111 2314 Feriis
1132 2247 1308 2331 Adventus,

304 2341 575 2431 Quadragesimae,
610 2345 755 2427 Quatuor
784 2346 990 2431 Temporum,
1020 2343 1252 2431 Rogatianum,
1281 2355 1309 2426 et

303 2436 579 2524 Vigiliarumldici
591 2449 695 2526 potest
717 2440 825 2528 aliqua
837 2462 877 2505 cx
889 2439 992 2505 Missis
1006 2438 1134 2522 votivis,
1165 2440 1263 2504 etiam
1279 2440 1307 2502 in

303 2531 469 2619 principali
497 2531 684 2622 Missaque
715 2545 847 2600 vocatur
872 2533 1104 2616 conventualis,
1135 2532 1308 2598 secundum
1385 2617 1386 2622 ἵ

302 2626 448 2691 ordinem
463 2626 590 2692 dierum
603 2628 637 2691 in
650 2629 712 2693 fine
736 2629 870 2694 Missalis
892 2629 1102 2716 assignatum,
1128 2649 1202 2692 cum
1218 2629 1307 2693 Com·

301 2722 531 2787 memoratione
554 2723 667 2802 Feriae,
693 2722 733 2787 dc
751 2745 814 2811 qua
830 2724 956 2788 factum
976 2733 1023 2788 est
1045 2721 1204 2787 Officium.
1235 2724 1307 2804 Quae

302 2824 407 2879 lamen
430 2817 543 2901 Missae,
561 2827 593 2882 et
607 2839 717 2882 omnes
742 2818 812 2883 aliae
834 2819 960 2904 votivae,
989 2817 1020 2881 in
1052 2815 1154 2881 Missis
1178 2817 1307 2902 privatis

301 2908 364 2972 diei
394 2921 526 2995 possunt
550 2934 608 3000 pro
637 2913 770 2978 arbitrio
794 2912 1008 2995 sacerdotum,
1034 2932 1243 3000 quocumque
1257 2911 1305 2975 die

301 3002 447 3067 Officium
462 3025 526 3068 non
541 3016 589 3071 est
599 3007 735 3093 Duplex,
750 3007 809 3073 aut¹
822 3003 999 3090 Dominica,
1017 3027 1090 3071 cum
1108 3006 1306 3072 Commemo-

302 3099 424 3162 ratione
438 3099 519 3185 ejus,
533 3099 573 3165 de
585 3124 648 3188 quo
663 3102 783 3168 factum
797 3113 845 3167 cst
856 3101 1016 3185 Officium,
1031 3111 1064 3165 et
1075 3101 1306 3166 Commemora-

229 3191 233 3198 ’
302 3193 386 3257 tione
403 3194 478 3258 item
493 3196 575 3263 Festi
593 3198 763 3282 Simplicis,
782 3198 806 3262 si
823 3196 872 3260 de·
890 3197 998 3281 aliquo
1021 3205 1168 3266 occurrat
1195 3216 1238 3259 co
1257 3193 1305 3257 dic

245 3327 246 3331 =
300 3286 367 3352 lieri
384 3288 723 3357 Commemorationem
753 3294 784 3358 in
811 3292 934 3357 Officio.
960 3289 997 3354 Id
1018 3311 1096 3354 vcro
1112 3291 1231 3375 passim
1248 3310 1306 3354 non

299 3379 364 3465 fiat,
396 3384 455 3448 nisi
486 3386 665 3451 rationabili
698 3385 739 3450 de
769 3409 875 3452 causa.
901 3389 938 3450 Et
962 3383 1069 3472 quoad
1093 3383 1161 3472 lieri
1192 3395 1304 3470 potest,
1382 3391 1383 3394 ’

301 3476 393 3542 Missa
409 3501 482 3544 eum
497 3480 608 3545 Officio
621 3483 802 3547 conveniat.

513 3751 559 3826 V.
585 3754 639 3829 De
660 3755 783 3830 Missis
809 3755 1089 3847 Defunctorum.
1210 3737 1214 3744 ’

343 4024 374 4087 l.
400 4025 505 4091 Prima
520 4025 572 4091 dic
587 4029 742 4116 cujusque
755 4031 872 4095 mensis
888 4035 992 4117 (extra
1006 4015 1202 4112 Adventum,
1222 4023 1304 4112 Qua·

232 4133 237 4140 “
299 4118 522 4206 dragesimam,
541 4134 572 4186 et
587 4125 723 4212 Tempus
740 4126 907 4213 Paschale)
936 4147 999 4190 non
1022 4125 1175 4227 impedita
1195 4125 1303 4190 Officio
