2754 4740
341 223 360 285 8
431 275 436 283 .
748 237 939 286 Quusuouas

383 344 510 407 Priores
539 341 620 405 adeo
647 351 720 403 sunt
752 339 980 424 privilegiata,
1008 349 1042 400 ut
1069 356 1183 399 aarum
1207 335 1330 398 Officium

340 458 516 522 numquam
529 434 705 514 omittatur,
720 453 923 518 quocumque
935 429 1128 494 adveniente
1140 431 1241 505 Festo,
1255 430 1332 490 etiam

338 531 464 615 Duplici
488 532 502 593 1
523 532 563 593 cl.
648 539 653 547 ’

380 637 575 700 Posteriores
598 657 676 700 varo
700 634 819 698 cedunt
844 639 965 695 tautum
982 633 1087 695 locum
1111 632 1206 694 Festo
1226 629 1331 712 Duplici

337 732 351 793 1
373 733 438 813 ci.‚.
453 743 484 796 et
508 741 583 794 tunc
607 728 647 792 de
674 729 840 793 Dominica
857 727 899 788 ita
916 725 1068 810 impedita
1090 727 1128 788 fit
1152 725 1332 788 Commemo-

335 826 416 888 ratio
440 827 472 888 in
497 828 640 910 utrisque
656 824 806 908 Vesperis
823 833 855 884 et
868 821 1044 885 Laudibus

378 920 551 983 Dominicae
562 919 699 1004 majores
722 928 794 980 sunt
807 927 992 1002 sequentes:

455 1051 570 1112 Primae
586 1047 704 1124 classis
897 1043 1052 1108 Secundae
1068 1044 1193 1120 classis,

467 1153 722 1184 ,Μ
914 1148 1189 1182 *m

421 1242 435 1301 I
458 1237 636 1317 Adventus,
865 1234 895 1296 ΙΙ

419 1338 434 1399 Ι
458 1330 731 1417 Quadra-gusinus,
849 1242 932 1503 111}
957 1322 1138 1406 Adventus,

418 1427 587 1502 Passionis
849 1429 893 1493 IV

419 1527 615 1600 Palmarurn,
844 1525 1103 1609 septuagesimae,

419 1619 559 1698 Paschae,
847 1619 1069 1703 sexagesima,

417 1717 454 1778 Iu
470 1712 571 1788 Albis,
847 1713 1140 1798 Quinquagesimae‚

417 1811 634 1886 Pentecostus,
862 1808 892 1869 ΙΙ
1011 1807 1012 1811 ’

417 1902 591 2002 Trinitatis.
847 1809 928 2086 {lxi}
954 1898 1231 1989 Quadragasimae.

375 2126 507 2188 Caetrrae.
523 2119 696 2182 Dominicae
720 2141 831 2183 omnes
853 2131 926 2183 sunt
948 2121 1098 2205 minores,
1115 2125 1222 2187 Fastis
1236 2122 1335 2205 Dupli-

331 2220 421 2284 cibus
447 2218 525 2303 (non
541 2225 647 2277 autem
661 2215 761 2278 Fastis
783 2215 942 2279 inferioris
962 2216 1054 2301 ritus)
1080 2221 1191 2284 locum
1219 2217 1334 2295 ceduut,

278 2339 280 2344 ·
331 2324 363 2376 et
379 2323 454 2376 tune
470 2307 510 2371 da
533 2307 699 2372 Doiuinica
721 2309 756 2372 fit
779 2309 1046 2375 commemoratio
1067 2313 1097 2376 in
1127 2317 1273 2400 utrisque
1287 2315 1337 2376 Va·

332 2408 431 2492 speris
449 2415 480 2468 et
494 2401 671 2466 Laudibus.

373 2498 460 2564 Ordo
476 2497 716 2561 Dominicarum
734 2497 830 2560 totius
846 2501 920 2562 auni
937 2501 989 2565 hic
1006 2513 1074 2566 ast:

375 2593 541 2657 Dominica
567 2593 581 2652 I
596 2590 764 2656 Adventus
780 2591 856 2677 (non
883 2605 956 2658 aute
980 2599 1021 2660 27
1036 2599 1231 2663 Novembris
1247 2619 1338 2684 nequa

572 2783 602 2844 H
1026 2704 1097 2778 post
1111 2694 1132 2756 5
1147 2695 1340 2772 Decembris)

463 2808 477 2842 „
706 2805 720 2838 ῃ
969 2805 975 2814 .

452 2902 476 2947 ¹u
569 2878 617 2939 lii
709 2901 723 2934 u
831 2878 898 2942 siva
918 2877 1066 2964 Gaudete,

463 2996 477 3028 u
571 2971 616 3036 IV
705 2997 719 3031 u

463 3090 478 3124 »
571 3065 654 3129 inira
691 3066 844 3131 Octavam
879 3069 1058 3136 Natiuitatis
1086 3074 1218 3136 Domini
1257 3075 1341 3157 (saepe

616 3169 746 3244 vacans)

463 3278 476 3308 a
571 3255 654 3317 iuter
670 3257 687 3318 1
707 3266 739 3319 et
755 3258 774 3319 6
789 3258 934 3322 Januarii
950 3260 1079 3344 (vacans
1095 3263 1240 3346 semper)

463 3371 478 3405 r
572 3347 653 3412 iufra
684 3350 838 3415 Octavam
859 3354 1056 3438 Epiphania,
1081 3359 1096 3418 I
1119 3367 1191 3442 post
1214 3352 1341 3440 Epipha-

615 3444 700 3507 niam
717 3449 846 3527 (vacans
862 3447 1036 3532 interdurn)

465 3560 480 3594 >i
575 3539 605 3600 II
637 3541 943 3626 postEpiphaniam‚

463 3655 478 3688 r>
572 3631 619 3693 ΙΙΙ
658 3657 673 3692 r>
812 3659 843 3706 u

462 3747 478 3782 u
573 3725 618 3790 IV
660 3750 675 3785 a
794 3727 826 3787 ¹r
968 3783 975 3792 .

466 3841 480 3874 ))
575 3819 605 3882 V
660 3843 675 3879 1)
813 3847 828 3882 i)
968 3791 1083 3866 zvagae'

463 3935 478 3968 u
572 3914 617 3976 VI
659 3937 674 3972 u
812 3941 827 3976 u

466 4029 480 4062 r
574 4009 823 4096 Septuagesimae
843 4017 920 4095 (non
936 4023 1008 4076 aute
1026 4013 1066 4076 18
1081 4012 1228 4074 Januarii
1246 3996 1341 4094 neque

622 4116 692 4187 post
720 4107 758 4168 rt
777 4106 956 4190 Februarii)
