2764 4742
468 269 643 317 mvrena.

216 535 255 580 EX
276 529 470 578 utcuetonutt
491 531 633 580 neotsttto
656 531 754 581 ΒΑΜ
775 531 886 584 ultus!

423 621 676 670 conensemottts

132 858 226 934 Haec
242 859 292 932 nd
316 855 559 932 Brentesium
571 853 780 933 Romanurn
798 854 962 936 attinent.

85 1124 181 1188 Sacra
212 1119 348 1184 Rituum
373 1113 587 1201 congregatio
617 1110 796 1180 declaravit
818 1126 849 1181 ct
885 1113 1057 1200 decrevit,

46 1214 263 1302 conpotuisse
286 1211 500 1297 postBullam
530 1208 565 1272 S.
596 1208 646 1273 Pii
675 1209 705 1276 V
733 1207 775 1274 de
800 1211 967 1278 Breviorio
996 1215 1060 1280 no·

46 1333 146 1396 mano,
179 1329 288 1394 neque
313 1325 406 1393 posse
426 1304 572 1368 locorum
598 1300 799 1386 Ordinaries,
833 1314 896 1370 tam
927 1310 1060 1374 saecula-

46 1425 93 1467 res
113 1423 214 1489 quam
228 1400 405 1487 regulares,
419 1396 541 1460 addere
561 1395 779 1479 Kalendariis,
797 1398 894 1463 etiam
909 1402 1059 1488 propriis,

46 1499 234 1568 Sanctorum
266 1493 389 1578 Officia,
424 1491 486 1556 uisi
510 1511 548 1556 ea
586 1488 765 1574 dumtaxat,
802 1515 874 1581 quae
899 1497 1059 1563 Breviarii

45 1593 179 1659 Romani
209 1588 374 1673 Rubricis,
401 1587 455 1653 vel
482 1586 586 1652 Saerae
615 1586 751 1652 Rituum
782 1586 1058 1677 congregationis,

46 1708 98 1753 seu
134 1685 230 1751 Sedis
267 1681 460 1772 Apostolicoe
494 1681 625 1746 licentia
666 1681 912 1749 concedunturc
953 1706 1059 1773 neque

47 1783 171 1868 propria
210 1779 425 1861 auctoritate,
458 1775 573 1864 quovis
599 1787 767 1863 praetextu,
794 1787 919 1843 mutare
946 1780 1057 1862 ritum,

47 1877 97 1962 qui
120 1877 261 1942 habetur
277 1875 309 1938 in
325 1871 524 1938 Kelenderis
547 1873 708 1953 Romano,
734 1895 791 1938 scu
813 1873 1059 1941 RubriclsBre·

47 1972 146 2053 viarii,
181 1972 214 2034 in
239 1969 385 2034 altiorem
410 1967 534 2033 ritums
562 1987 668 2054 neque
702 1965 878 2034 extendere
909 1991 1058 2036 concessa

47 2062 154 2131 Officia
170 2063 212 2128 de
228 2064 299 2128 loco
322 2060 363 2126 ad
386 2064 506 2127 locum.

86 2162 166 2226 Item
189 2158 292 2226 vetnit
317 2167 349 2221 et
374 2156 540 2242 prohibuit
555 2157 711 2222 celebrari
736 2177 795 2242 per
819 2166 918 2222 totum
942 2158 1056 2224 civita-

47 2265 107 2320 tem
118 2256 169 2320 vel
186 2251 362 2330 (lioecesim,
379 2252 474 2316 etiem
490 2251 530 2316 de
561 2252 793 2338 cujuscumque
820 2250 984 2318 Ordinarii
1000 2275 1058 2320 au-

46 2350 197 2431 ctoritate,
224 2348 354 2412 Festum
380 2365 454 2410 cum
482 2345 607 2427 Officio,
637 2367 674 2411 eo
694 2346 783 2434 quod
814 2347 846 2412 in
874 2350 945 2414 loco
976 2347 1060 2416 adsit

48 2444 182 2511 Ecclesia
204 2441 406 2528 parochialis,
427 2443 481 2508 vel
512 2442 682 2530 regularis,
714 2445 766 2509 vel
796 2443 975 2529 abbatialis,
1004 2457 1061 2512 aut

49 2535 331 2625 aliquaReliquia;
358 2533 416 2600 sed
445 2547 569 2603 tantum
594 2539 626 2602 in
648 2538 747 2623 ipsius
776 2539 883 2604 Sancti
913 2541 1055 2606 Ecclesia

51 2633 175 2716 titulari,
193 2651 250 2696 seu
265 2630 322 2695 ubi
335 2641 518 2698 asservatur
531 2631 656 2720 Corpus
673 2642 729 2699 aut
744 2633 878 2722 insignis
892 2633 1057 2721 Reliquia,

51 2739 151 2793 elnon
168 2727 257 2792 alibi.

89 2821 231 2909 lusigncs
245 2830 355 2886 autem
367 2820 534 2908 Reliquias
552 2817 730 2887 declaravit
746 2842 815 2886 esse
847 2830 954 2907 caput,
988 2819 1060 2886 bra·

50 2915 164 2998 chium,
183 2936 266 2996 crus,
284 2924 339 2979 aut
360 2915 450 2979 illam
476 2923 602 3000 partem
627 2915 782 3002 corporis,
800 2916 832 2980 in
862 2937 926 3003 qua
949 2936 1060 3005 passus

51 3018 94 3073 est
110 3010 239 3095 Martyr,
257 3007 355 3074 modo
378 3009 419 3075 sit
435 3009 572 3098 integra,
590 3019 623 3075 ct
638 3031 703 3076 non
718 3032 830 3097 parva,
859 3019 891 3075 et
914 3010 1057 3098 legitime

52 3102 89 3166 ab
111 3102 290 3168 ordinariis
309 3102 498 3188 approbate.
1051 3135 1052 3140 ¹

88 3197 134 3261 De
159 3197 284 3262 Sanctis
302 3195 468 3284 Episcopis
494 3199 652 3277 locorum,
678 3198 881 3286 Martyrihns,
913 3197 1056 3280 Civibus,

51 3299 79 3352 et
100 3290 169 3354 aliis
192 3290 303 3374 Festis,
321 3288 362 3354 de
393 3292 510 3380 quihus
540 3292 572 3358 in
603 3291 801 3358 Kelenderis
825 3296 984 3376 Romano,
1001 3314 1059 3360 seu

50 3384 196 3449 lluhricis
221 3383 379 3451 Breviarii
401 3386 482 3450 nihil
508 3387 662 3470 habetur,
691 3387 738 3452 uti
764 3388 860 3452 etiarn
880 3385 928 3451 »de
950 3387 1058 3452 Beatis

51 3475 190 3542 nondum
215 3480 419 3562 canonizatis,
453 3480 533 3545 nihil
562 3481 695 3568 propria
726 3483 914 3547 auctoritate
944 3482 1059 3547 consti·

52 3579 164 3657 luatur,
200 3572 256 3638 sed
277 3575 409 3641 omnino
437 3575 623 3640 consulatur
638 3575 733 3642 Sacra
761 3577 897 3642 Rituum
915 3575 1060 3663 Congre-

53 3667 143 3750 gatis).

89 3760 258 3827 Decretum
275 3783 406 3850 quoquc
426 3783 531 3848 nuper
547 3760 670 3826 editum
693 3786 790 3852 super
805 3765 961 3831 electione
978 3763 1060 3828 Sen-

54 3862 171 3920 ctornm
188 3855 218 3920 in
231 3859 400 3936 Patronus,
424 3867 456 3922 et
479 3858 682 3941 impressum,
698 3861 829 3924 omnino
856 3865 1014 3923 servetur.

92 3949 129 4014 Et
149 3950 217 4014 haec
246 3952 354 4017 omnia
384 3950 539 4032 decrevit,
557 3951 679 4035 statuit,
697 3963 730 4018 et
757 3951 938 4028 mandavit,
970 3949 1060 4016 inno·

55 4043 154 4110 vando
171 4067 279 4130 poeuas
295 4046 530 4114 constitutionis
554 4046 589 4112 S.
605 4046 655 4111 Pii
670 4049 700 4116 V
722 4047 914 4134 respectiva.

94 4138 188 4206 Facta
208 4139 338 4208 demum
365 4144 522 4210 relatione
544 4141 662 4207 horum
698 4140 902 4210 decretorum
918 4139 1060 4206 Sanctis·

132 4240 255 4294 Qvusmv
265 4255 317 4290 ave.
349 4253 365 4288 r.
917 4237 938 4300 ⁶2
