2754 4740
326 225 389 288 176
608 243 695 285 nnus
720 243 909 286 estuannnor
932 245 1056 288 urssnu.

325 347 427 410 tulum
444 344 540 430 tergit
555 353 587 407 et
607 342 728 430 jungit,
746 343 884 409 Calicem
911 347 1000 410 Palla
1020 349 1174 432 cooperit,
1193 360 1226 414 et
1241 373 1332 435 genu-

325 440 427 503 flexus
443 439 684 502 Sacramentum
707 436 830 522 adorat,
855 441 968 527 surgit,
991 452 1023 504 et
1041 452 1126 506 stans
1136 442 1259 528 junctis
1274 467 1330 508 ma·

324 535 418 598 nibus
434 543 507 597 ente
523 541 645 616 pectus,
663 532 767 618 capite
790 535 942 598 inclinato
955 557 1066 600 versus
1081 538 1327 621 Sacramentum,

324 625 603 713 dicitintelligibili
614 647 692 690 voce
702 650 710 691 ε
720 629 913 713 Aprusllei,
924 633 979 715 qui
990 631 1072 695 tollis
1084 635 1328 716 peccatcmmrdi,

323 735 354 788 ct
369 723 481 786 dextra
498 720 680 806 percutiens
695 721 756 785 sibi
774 733 895 807 pectus,
910 725 1037 788 sinistra
1053 747 1150 810 super
1165 727 1329 812 Corporale

320 819 433 904 posita,
452 815 530 882 dicit
544 817 686 879 miserere
701 816 799 895 uobis,
818 828 850 882 et
873 817 991 882 deinde
1008 841 1071 902 non
1083 819 1197 906 jungit
1213 843 1328 900 manus,

320 910 376 974 sed
407 911 523 974 iterum
546 906 685 992 percutit
700 909 760 972 sibi
777 921 900 994 pectus,
919 933 993 975 cum
1011 911 1094 976 dicit
1110 913 1255 978 secunde
1277 919 1329 977 ml-

320 1027 417 1070 serere
439 1003 536 1083 nobie,
562 1001 648 1088 quod
674 1013 706 1067 et
729 1005 824 1068 tertio
852 1006 939 1088 facit,
959 1026 1032 1069 cum
1058 1004 1137 1071 dicit
1152 1007 1238 1072 dona
1253 1009 1330 1072 echis

317 1123 434 1186 pacem.

364 1197 396 1259 5.
421 1194 510 1258 Tunc
526 1190 673 1254 manibus
680 1191 802 1276 junctis
816 1194 1018 1275 superaltare
1032 1195 1153 1278 positis,
1171 1196 1331 1280 oculisque

319 1289 359 1354 ad
375 1290 617 1352 Sacramentum
633 1285 775 1364 intentis,
794 1286 963 1350 inclinatus
973 1285 1058 1352 'dicit
1070 1299 1214 1352 secrete:
1229 1289 1329 1351 Domi·

319 1410 356 1451 ne
377 1387 451 1449 Jesu
475 1380 607 1463 Christe,
636 1392 691 1444 etc.
716 1383 787 1463 Qua
809 1383 953 1447 oratione
967 1384 1068 1465 finita,
1097 1385 1122 1446 si
1139 1395 1190 1448 est
1205 1383 1330 1447 daturus

320 1501 443 1567 pacem,
461 1477 623 1541 osculatur
638 1475 738 1540 altare
751 1478 784 1541 in
801 1475 920 1560 medio,
936 1488 967 1542 ct
983 1479 1236 1542 instrumentum
1253 1478 1330 1562 pacis

319 1577 347 1639 ei
359 1581 540 1660 porrectum
553 1591 572 1634 a
584 1570 731 1635 ministre
741 1571 836 1656 juxta
853 1573 958 1656 ipsum
974 1573 1015 1635 ad
1030 1571 1192 1655 dextram,
1202 1573 1265 1635 lroc
1276 1581 1327 1646 est,

319 1671 350 1732 in
367 1685 466 1731 cornu
481 1663 630 1749 Epistulae
646 1665 828 1750 genuflexo,
854 1671 887 1730 'et
917 1665 995 1730 dicit
1011 1669 1085 1730 Pac
1108 1681 1222 1746 tecum,
1241 1666 1328 1729 mini·

317 1774 382 1828 ster
400 1757 575 1844 respondet
605 1760 646 1822 Et
669 1782 737 1822 cum
753 1764 868 1844 spiritu
885 1773 949 1824 tuo.
967 1762 1080 1834 Sinon
1103 1761 1190 1826 adsit
1206 1761 1264 1851 qui,
1277 1760 1329 1821 hu·

312 1854 456 1945 jusmodi
480 1855 691 1918 instrumento
715 1876 827 1939 pacem
853 1857 992 1940 recipiat·
1012 1879 1030 1920 a
1056 1857 1256 1934 celebrante,
1274 1875 1327 1940 pax

317 1974 382 2017 non
398 1949 504 2024 datur,
522 1949 646 2012 etiarnsi
663 1949 748 2012 illius
764 1948 849 2016 datio
867 1952 968 2015 Missae
991 1953 1162 2016 conveniat
1181 1975 1189 2016 ε
1209 1973 1269 2014 nec
1282 1970 1329 2012 os·

317 2050 442 2114 culatur
457 2045 568 2124 altare,
593 2043 650 2106 sed
670 2042 756 2108 dicta
773 2046 936 2130 praemissa
953 2047 1109 2130 oratione,
1134 2047 1245 2110 statim
1258 2042 1326 2107 sub·

312 2141 422 2228 jungit
436 2141 513 2202 alias
527 2139 698 2218 orationes,
716 2150 751 2203 ut
768 2141 799 2202 in
817 2139 940 2206 Ordine
953 2142 1068 2217 Missae.
1309 2161 1316 2169 ³

360 2238 392 2299 4.
418 2235 450 2299 Si
463 2254 541 2298 vero
553 2234 695 2298 celebret
709 2257 768 2319 pro
784 2237 963 2315 Defunctis,
981 2258 1046 2299 nen
1066 2235 1209 2320 percutit
1225 2241 1328 2319 pectus

315 2332 355 2398 ad
371 2331 484 2417 dputes
499 2331 570 2406 Dei,
588 2332 663 2414 quia
679 2329 758 2394 dicit
774 2332 854 2395 done
870 2334 912 2395 eis
929 2335 1078 2418 requiem:
1102 2352 1161 2394 nec
1178 2328 1259 2393 dicit
1272 2327 1325 2411 pri·

315 2450 399 2492 mem
416 2426 610 2489 orationem:
628 2427 759 2489 Domine
774 2428 848 2489 Jesu
866 2425 1000 2503 Christe,
1013 2428 1068 2512 qui
1077 2425 1189 2488 diremti
1202 2423 1325 2506 Aposto·
1364 2463 1365 2502 3

315 2523 353 2588 h's
363 2523 436 2601 teis,
451 2530 593 2600 etc.,non
605 2517 660 2582 dat
672 2541 795 2602 pacem,
809 2518 864 2582 sed
877 2518 956 2583 dicit
972 2521 1048 2582 alias
1066 2516 1146 2581 duas
1159 2524 1326 2603 sequentes

315 2616 491 2679 orationes:
509 2613 640 2676 Domine
655 2615 730 2678 Jcsu
750 2612 885 2696 Christe,
896 2615 960 2678 Fih'
973 2616 1032 2678 Dei
1048 2616 1123 2687 etei,
1141 2624 1213 2693 eto,
1224 2612 1325 2674 Perre·

311 2715 376 2796 ptio
387 2708 533 2791 Corporis
549 2711 606 2788 tui,
625 2718 678 2772 etc.
698 2708 823 2789 Quibus
847 2709 1046 2772 orationibus
1058 2707 1164 2786 dictis,
1183 2703 1324 2792 genufle-

314 2814 401 2868 ctens
417 2803 659 2866 Sacramentum
682 2800 805 2881 adorat,
824 2812 854 2865 et
877 2823 911 2865 se
932 2804 1070 2888 erigens,
1088 2799 1168 2864 dicit
1183 2807 1321 2864 secreto:
1363 2829 1364 2838 κ

313 2899 435 2962 Panem
450 2894 594 2960 caelestem
608 2899 767 2979 accipiam,
800 2909 854 2960 etc.
873 2897 945 2978 Quo
968 2895 1067 2974 dicte,
1094 2893 1210 2958 dextra
1233 2911 1323 2957 manu

314 2991 429 3074 accipit
443 2988 484 3052 de
500 2991 619 3053 Patena
635 3002 823 3056 reverenter
835 2990 944 3054 ambas
958 3002 1063 3076 partes
1074 2989 1207 3068 Hostiae,
1226 2984 1324 3050 etcol·

314 3086 398 3148 locat
416 3083 500 3146 inter
524 3083 674 3166 pellicem
697 3095 729 3148 et
757 3083 896 3149 indicem
918 3085 1052 3148 sinistrae
1067 3103 1192 3162 manus,
1210 3079 1323 3168 quibus

313 3180 466 3243 Patenam
489 3178 573 3241 inter
589 3179 740 3243 eumdem
756 3177 894 3244 indicem
911 3190 942 3244 et
964 3177 1109 3242 medium
1121 3176 1243 3263 digitos
1256 3195 1321 3256 sup·

314 3274 415 3358 ponit,
434 3283 465 3336 et
482 3270 595 3336 eadem
617 3294 715 3338 manu
740 3275 867 3339 sinistra
891 3285 1003 3338 tenens
1019 3283 1125 3358 partes
1139 3265 1321 3357 hujusmodi

313 3387 410 3452 super
419 3367 574 3429 Patenam
589 3366 672 3431 inter
685 3378 796 3452 pectus
812 3377 844 3431 et
859 3367 997 3432 Calicem
1012 3386 1127 3450 parum
1143 3363 1321 3438 inclinatus,

313 3460 424 3526 dextra
455 3460 557 3524 tribus
587 3462 711 3526 vicibus
741 3463 879 3548 percutit
907 3471 1017 3546 pectus
1047 3479 1164 3537 suum,
1198 3455 1320 3520 interim
1361 3505 1362 3548 3

202 3613 204 3618 .
314 3557 410 3619 etiam
429 3555 531 3619 tribue
553 3555 677 3620 vicibus
699 3557 808 3622 dicens
830 3578 910 3624 voce
930 3556 1166 3643 aliquantulum
1182 3553 1318 3617 elevata:
1361 3554 1362 3619 l

312 3652 455 3729 Domine,
469 3672 531 3714 nou
541 3671 609 3714 sum
623 3653 748 3738 diphus,
763 3665 795 3717 et
806 3661 928 3718 secreto
939 3651 1155 3736 prosequitur,
1171 3651 1317 3724 ueteres,

313 3757 368 3809 etc.
394 3747 520 3827 Quibus
535 3748 628 3811 tertie
644 3746 748 3831 dictis,
767 3772 806 3813 ex
822 3749 947 3811 sinistra
964 3745 1079 3830 accipit
1093 3743 1204 3808 ambas
1220 3750 1318 3828 partes

313 3839 480 3924 praedictas
494 3842 703 3907 Hostiaeinter
715 3846 903 3930 pollicemet
914 3839 1182 3905 indicemdextrae
1197 3855 1315 3912 manus,
1360 3859 1361 3939 p

313 3942 344 3997 et
359 3953 433 3996 curu
449 3934 503 3997 illa
514 3955 606 4018 supra
616 3939 767 4002 Patenam
780 3939 884 4024 signat
895 3935 1036 4020 scipsum
1048 3932 1138 4016 signo
1150 3931 1265 4006 crucis,
1278 3928 1317 3989 ita

312 4037 431 4109 tamen,
447 4037 482 4091 ut
496 4028 606 4092 Hostia
618 4053 682 4095 non
699 4031 883 4118 egrediatur
898 4029 1015 4093 limites
1031 4029 1170 4106 Patenae,
1188 4024 1313 4088 dicens:

314 4120 435 4205 Corpus
448 4125 577 4186 Domini
583 4129 684 4190 nostri
689 4129 765 4191 Jesu
775 4125 894 4191 Christi
908 4125 1059 4188 custodiat
1076 4123 1212 4184 animam
1224 4135 1314 4180 meam
