2806 4736
384 206 417 247 m
440 206 590 249 nunninus
607 203 754 247 urssnus.
1020 189 1085 253 tut

68 305 267 392 respiciendo
297 304 339 369 ad
362 307 529 391 proprium
555 306 716 382 Officium,
744 301 785 367 de
810 326 875 390 quo
907 306 1083 392 nequidem

71 399 408 464 Commemorationom
418 399 527 464 faciet.
538 402 583 464 lta
591 398 685 484 juxtu
695 396 782 461 varis
793 398 826 460 S.
837 399 878 463 R.
891 398 926 463 C.
937 397 1082 466 decretu..

107 494 247 575 Quaestio
260 491 367 556 urrlrm
381 493 433 557 hic
450 504 498 557 est
510 493 550 556 de
564 494 626 556 illis
643 490 836 555 monialibus
852 513 923 578 quae
945 491 986 556 ud
1002 494 1084 559 cho·
1143 557 1145 561 .

67 611 134 652 rum
156 598 232 652 sunt
261 587 423 673 professos,
439 609 494 651 seu
509 609 579 675 quae
596 584 741 673 quotidie
765 589 901 650 recitant
932 586 1080 653 Officium

61 683 151 768 juxta
166 682 334 768 proprium
351 703 444 746 suum
466 681 719 762 Kalendarium3
752 701 816 743 non
839 691 946 745 autem
977 681 1018 746 de
1043 685 1085 748 iis

66 799 133 861 quae
150 786 274 840 tuntum
290 777 585 842 recitantOllicium
601 797 736 862 parrum
752 776 791 838 B.
806 776 849 839 M.
865 776 905 842 V.

107 871 225 950 Quaest.
240 869 315 933 t95.
335 870 395 954 ‘An
412 891 482 955 eruo
495 870 672 954 capellanus
684 873 739 932 iste
748 880 848 954 potest
864 874 990 936 recitare
1008 875 1083 938 Mis-

65 985 112 1028 sos
125 967 272 1048 proprias
284 964 469 1027 Sanctorum
482 964 568 1028 illius
583 964 702 1027 ordinis
715 963 734 1026 Ρ

107 1058 148 1122 R.
162 1057 330 1143 Negemus,
356 1057 382 1119 si
399 1059 597 1142 capellanus,
614 1067 650 1120 ut
664 1058 868 1142 supponitur,
887 1079 952 1122 non
969 1059 1009 1124 sit
1033 1081 1083 1122 re-

64 1154 183 1242 gularis
195 1153 343 1240 ejusdem
357 1152 492 1232 ordinis,
510 1154 566 1218 sed
585 1163 712 1218 tenetur
725 1175 777 1220 eas
790 1156 900 1221 Missas
915 1159 1024 1244 legere
1041 1180 1080 1222 ex

63 1248 182 1312 Misssli
193 1269 327 1312 romano
341 1249 408 1313 sive
422 1247 462 1312 de
478 1249 659 1331 Communi,
679 1249 746 1315 sire
759 1249 799 1312 de
812 1253 947 1338 Proprio
958 1254 983 1316 si
998 1251 1081 1318 adsit

62 1343 156 1406 Missa
171 1345 303 1429 propria
319 1345 351 1406 in
368 1344 486 1408 Missali
503 1366 647 1409 romano.
665 1347 784 1432 Estque
798 1350 908 1434 regula
922 1350 1080 1435 generalis

60 1459 120 1523 pro
140 1438 399 1526 quibuscumque
416 1437 637 1504 sacerdotibus
662 1439 694 1502 in
710 1441 859 1504 Ecclesiis
883 1443 1080 1528 regularium

60 1535 114 1598 vel
127 1533 315 1604 monialium
330 1533 585 1616 celebrantibus3
604 1535 726 1598 scilicet
739 1536 936 1620 prohibitum
950 1537 1025 1621 ipsis
1034 1547 1081 1601 est

60 1628 168 1712 legere
181 1627 292 1691 Missas
304 1629 448 1714 proprius
464 1627 633 1693 ordinibus
649 1650 827 1693 concessas.

104 1719 253 1785 Attamen
270 1725 378 1808 plures
395 1735 468 1787 sunt
482 1724 680 1812 regularium
697 1723 825 1787 familiae
841 1745 912 1809 quse
937 1723 1082 1810 gaudent

57 1815 189 1900 speciali
208 1817 390 1903 privilegio.
416 1819 455 1882 Et
470 1820 525 1899 itu,
553 1819 647 1904 juxta
677 1817 838 1882 indultum
854 1840 872 1881 a
888 1819 946 1881 Pio
971 1819 1025 1900 Vl,
1058 1819 1080 1881 5

58 1910 265 1995 Septembris
296 1913 382 1976 1775
411 1935 609 1996 concessum,
623 1912 776 1999 quodque
789 1914 951 1998 reperitur
964 1913 996 1975 in
1007 1914 1079 1977 Mis-

57 2005 117 2066 sali
129 2008 456 2090 romano-seraphim,
472 2008 610 2096 quilibet
631 2005 780 2072 sacerdos
792 2007 958 2070 celebrans
974 2008 1005 2070 in
1022 2008 1077 2071 Ec·

57 2097 163 2160 closiis
179 2119 388 2188 personarum
406 2103 572 2188 utriusque
596 2123 691 2166 sexus
717 2100 840 2165 ordinis
863 2103 1023 2165 Minorum
1041 2102 1074 2166 S.

55 2190 231 2269 Francisci,
250 2201 354 2276 potest
372 2194 403 2255 in
420 2195 569 2258 omnibus
586 2196 630 2258 uti
647 2195 764 2258 Missali
781 2196 995 2259 franciscano.

100 2281 193 2348 Idem
210 2306 396 2350 conoessum
410 2289 471 2352 fuit
483 2291 526 2352 11
542 2288 677 2376 Augusti
696 2292 781 2354 1777
799 2312 856 2374 pro
883 2291 1077 2356 celebranti·

56 2379 117 2442 bus
154 2380 413 2468 quibuscumque
444 2385 476 2447 in
506 2385 655 2448 Ecclesiis
685 2385 806 2447 ordinis
833 2385 1077 2449 Carmeliturum

56 2470 324 2539 discalceatorum
346 2479 512 2565 utriusque
536 2500 647 2561 sexus3
681 2488 713 2542 et
736 2479 777 2543 15
804 2479 881 2542 Julii
907 2479 991 2541 1778
1018 2500 1076 2563 pro

54 2568 299 2633 celebrantibus
323 2573 355 2635 in
384 2574 533 2638 Ecclesiis
557 2573 812 2658 Capuccinorum
842 2587 873 2638 et
886 2573 1075 2638 monialium

55 2661 206 2746 ejusdem
222 2663 357 2730 ordinis.

97 2756 295 2842 Hujusmodi
310 2759 435 2825 indulta
449 2766 612 2828 nonnullis
637 2764 706 2830 aliis
733 2763 899 2828 ordinibus
924 2786 1076 2829 concessa

54 2859 141 2914 sunl.
