2750 4738
356 167 397 236 Sl
788 187 932 232 unsarana

353 294 562 382 adjuterium,
580 302 655 372 ete,
675 298 833 376 utsupra,
850 300 882 355 et
896 290 1050 354 dicuntur
1063 287 1192 370 Psalmi,
1208 301 1238 356 et
1251 290 1330 356 Cunti-

353 410 426 456 eum
442 385 641 465 Benedicitr,
662 385 715 451 vel
730 384 830 468 aliud,
848 395 882 450 ut
901 385 1040 450 habetur
1058 382 1090 447 in
1105 385 1219 448 Pericli
1233 385 1330 468 Officio,

354 496 442 551 extra
458 483 595 567 Tempus
606 479 771 560 Paschale,
797 501 870 546 eum
892 478 1086 566 Antiphonis
1111 477 1221 542 Officio
1243 499 1333 544 conse·

354 579 528 646 nientibus.
553 576 616 657 Qui
641 576 759 640 Psalmi
788 587 821 640 et
842 574 1019 654 Canticum,
1042 574 1077 638 in
1103 573 1271 637 Dominicis
1291 595 1333 658 prr

353 695 472 739 annum
501 669 656 760 (exceptis
683 670 857 735 Dominicis
884 691 902 734 a
929 667 1171 754 Septuagesima
1194 665 1334 752 usquead

352 769 553 836 Dominicam
584 768 769 831 Palmarum
798 765 971 849 inclusive)
999 773 1032 828 et
1053 763 1087 826 iu
1109 761 1225 826 Feriali
1248 760 1334 823 Officio

353 864 518 951 Temporis
529 862 703 941 Paschalis,
720 861 802 926 acin
814 861 914 925 Fastis
929 870 995 924 tam
1010 877 1138 938 uorem,
1152 878 1247 944 quam
1262 856 1335 919 trium

270 966 278 978 '
353 958 551 1039 Lectionum,
580 955 731 1019 dicuntur
756 953 796 1019 de
822 953 1002 1036 Dominiea,
1020 963 1062 1018 ut·
1078 955 1112 1016 in
1130 953 1288 1016 Pselterio.
1309 953 1335 1012 lu

354 1051 513 1140 praedictis
533 1071 611 1116 vero
626 1049 799 1114 Dominicis
815 1071 832 1113 ιι
849 1050 1091 1136 septuagesima
1105 1067 1210 1134 usque
1230 1046 1267 1111 ad
1289 1047 1336 1108 Do-

354 1149 503 1214 minicam
517 1147 702 1210 Palmerum
715 1146 883 1229 inclusive,
909 1145 1062 1211 dicuntur
1076 1155 1113 1208 ut
1124 1145 1193 1208 suis
1206 1145 1278 1207 locis
1298 1163 1336 1226 pe·

354 1243 492 1308 nitunln
500 1241 617 1306 Ferinli
629 1241 808 1328 Officioper
818 1251 1044 1326 anuum,extra
1052 1242 1190 1327 Tempus
1198 1239 1337 1316 Psachalc,

352 1338 505 1403 dicuntur
525 1346 561 1401 ut
576 1337 609 1400 in
630 1337 796 1402 Psalterio.
1215 1369 1219 1376 ·

396 1437 428 1500 2.
453 1431 644 1518 Antiphone
659 1433 692 1495 in
709 1433 896 1511 Dominicis,
915 1431 1044 1520 quaudo
1057 1433 1196 1520 propriae
1209 1453 1270 1496 nou
1284 1426 1340 1491 assi·

352 1537 503 1616 guantur,
521 1523 674 1590 dicuntur
698 1535 734 1590 ut
756 1528 788 1591 in
817 1527 985 1592 Psalterio.
1018 1528 1054 1593 ln
1075 1528 1179 1592 Festis
1200 1529 1341 1590 uoremet

351 1625 449 1689 trium
471 1622 671 1701 Lectionum,
689 1621 715 1684 si
740 1645 804 1687 non
831 1621 938 1686 adsint
963 1623 1113 1708 propriae,
1142 1620 1289 1686 dicuutur
1311 1615 1340 1676 de

281 1777 285 1788 .
352 1717 533 1782 Communi.
557 1718 634 1782 Post
661 1717 806 1782 Psalmos
833 1715 952 1782 dieitur
982 1717 1177 1804 Capitulum,
1206 1717 1339 1801 Hymnus,

262 1877 266 1881 .
351 1813 482 1896 Versus,
499 1812 682 1899 Antiphone
695 1810 735 1876 ad
748 1813 914 1877 Canticum
927 1812 1132 1893 Benedictus,
1159 1831 1234 1877 curn
1249 1804 1340 1872 eodem

351 1907 492 1990 Cantica,
512 1919 544 1972 et
558 1908 692 1975 Oratio:
718 1910 824 1974 omnia
836 1929 894 1996 pro
912 1909 1066 1996 qualitate
1090 1909 1195 1974 Officii
1220 1905 1259 1970 de
1271 1905 1342 1968 Tem·

235 2056 237 2062 ,
350 2025 441 2092 pore,
455 2006 507 2068 vel
523 2002 564 2067 de
580 2003 685 2068 Festo.
720 2023 722 2028 ·

395 2099 427 2162 5.
451 2096 717 2184 Preces,quendo
734 2095 878 2164 dicende
891 2095 1217 2179 sunt,dicuuturante
1229 2094 1341 2180 primam

351 2191 550 2256 Orationem.
571 2191 896 2258 Commemorationes
910 2213 987 2259 uero
1004 2189 1044 2255 de
1061 2191 1176 2272 Cruce,
1193 2189 1234 2252 de
1249 2189 1343 2250 Sancta

351 2285 462 2368 Maria,
481 2285 521 2350 de
548 2277 719 2372 ilpostolis,
734 2286 774 2358 de
790 2289 941 2370 Patrono,
966 2297 998 2350 et
1027 2285 1068 2349 de
1090 2287 1189 2364 Pace,
1218 2281 1343 2347 similiter

350 2379 480 2468 quando
496 2378 642 2446 dicendae
654 2392 740 2460 sunt,
758 2381 911 2447 dicuntur
926 2392 997 2468 post
1012 2381 1214 2464 Orationem,
1227 2378 1283 2441 uisi
1296 2373 1343 2438 alia

350 2474 619 2540 Commemoratio
647 2476 731 2542 Festi
761 2478 922 2564 Simplicis
949 2486 1106 2556 occurrat,
1136 2498 1211 2562 quae
1238 2489 1344 2556 semper

348 2569 518 2657 praedielas
531 2570 859 2637 commemorationes
870 2567 1031 2658 praecedit,
1048 2568 1090 2634 de
1106 2571 1228 2656 quibus
1242 2569 1272 2631 iu
1286 2584 1345 2651 pro·

349 2664 427 2749 priis
440 2664 593 2730 Rubricis
609 2665 740 2731 dicitur.

394 2759 426 2821 4.
452 2758 536 2823 Ante
560 2761 745 2826 Orationem
775 2763 917 2828 dicitur:
948 2763 1102 2826 Dominus
1129 2761 1347 2836 vobiscumet

350 2853 504 2936 Oremus3
530 2865 601 2941 post
626 2858 773 2921 ultimam
792 2859 977 2922 Orationem
1008 2860 1177 2943 repetitur:
1211 2853 1346 2919 Dominus

350 2948 537 3032 vobiscum3
556 2949 673 3014 deinde
688 2951 922 3017 Benedicamus
937 2953 1086 3032 Domino,
1112 2961 1145 3016 et
1169 2953 1288 3018 Versus
1306 2943 1347 3006 Fi-

350 3041 471 3108 delium
487 3045 612 3128 animae,
634 3047 729 3109 Peter
750 3057 869 3130 noster,
896 3048 1051 3110 Dominus
1075 3045 1130 3110 det
1155 3045 1251 3108 nobis
1274 3057 1346 3106 snam

352 3158 477 3223 pacem,
496 3148 526 3201 et
549 3138 734 3223 Antiphone
762 3142 869 3204 Beetre
896 3141 1014 3224 Mariae,
1032 3151 1068 3205 ut
1093 3140 1237 3204 habetur
1250 3139 1281 3202 in
1298 3135 1347 3197 fine

353 3231 571 3316 Completorii,
593 3233 619 3296 si
636 3242 712 3297 tunc
727 3232 958 3300 discedendum
975 3237 1015 3300 sit
1030 3258 1047 3300 a
1064 3235 1191 3300 choro:
1223 3231 1347 3319 alioquin

353 3323 386 3387 in
415 3323 478 3387 fine
494 3327 615 3390 ultimae
629 3328 735 3408 Horae,
753 3329 813 3392 nisi
834 3341 986 3416 sequatur
1008 3331 1113 3403 Missa,
1138 3331 1191 3396 vcl
1215 3329 1346 3396 Officium

353 3419 594 3504 Defunctorum,
608 3423 662 3487 vel
678 3423 794 3486 Psalmi
824 3425 1073 3510 Paenitentiam,
1091 3435 1146 3490 aut
1162 3425 1303 3505 Litaniae,
1322 3427 1349 3483 ut

353 3511 386 3576 iu
397 3517 526 3601 propria
537 3517 680 3582 Rubriea
696 3516 822 3584 dicatur

699 3745 742 3823 X
747 3746 785 3826 V.
802 3747 856 3824 De
868 3745 1015 3826 Prirrtu.

399 3968 506 4063 Md
536 3971 699 4038 Primam:
727 3977 822 4041 Pater
848 3987 967 4062 noster,
1006 3978 1074 4046 Ave
1103 3980 1228 4063 Maris,
1248 3975 1347 4054 Credo,

355 4076 493 4150 secret05
507 4067 591 4132 Deus
603 4069 635 4132 in
648 4067 856 4158 adjutorium,
871 4084 947 4156 ete,
961 4075 1106 4163 Hymnus
1117 4077 1191 4143 Jarn
1205 4079 1285 4143 lueis
1293 4083 1349 4140 erto
