2750 4738
353 198 414 263 tlt
777 211 921 258 uunurom

351 325 449 388 Misso
464 331 519 401 est,
537 321 589 384 vel
600 317 822 384 Banedioomua
834 320 978 400 Domino,
993 339 1052 403 pro
1063 313 1348 403 temporisraliono.

351 414 703 498 lteMiaaoeatdioitur,
734 412 1004 501 quandocumque
1028 409 1148 476 dictum
1177 421 1229 474 est
1260 409 1350 474 Gloria

352 515 385 578 io
405 510 540 577 excelsis.
565 509 645 576 Cum
662 531 725 574 non
752 508 883 588 dicitur,
900 506 970 595 ejus
986 509 1056 572 loeo
1069 505 1190 571 dieitur
1204 505 1351 570 Benedica-

351 629 421 672 mua
436 608 581 671 Domino.
608 612 647 685 ql.
665 607 729 670 Deo
743 606 876 690 quatias.
902 604 939 667 ln
955 602 1057 666 Missis
1069 603 1302 666 Delunetorum
1313 597 1352 660 di-

351 702 786 788 eiturllequieacaotirtpooe.
802 707 841 780 ql.
863 701 977 764 Amen.

394 798 427 861 2.
444 796 535 860 Dicto
550 794 695 873 Placeat,
710 792 808 859 datur
818 795 1008 875 Benedictio,
1036 817 1107 881 quae
1132 816 1150 858 a
1182 792 1354 858 celebranto

351 911 478 976 semper
492 887 587 954 datur
603 881 635 952 in
650 889 756 971 Missa,
775 899 989 976 praeterquam
1006 890 1038 953 in
1062 889 1165 953 Missis
1192 887 1355 951 Deluncto-

352 1008 436 1052 rum.
457 983 581 1052 Deinde
592 985 711 1072 legitur
724 985 934 1071 Evangelium
958 985 1065 1049 Sancti
1079 983 1214 1048 loannis
1225 983 1265 1044 In
1286 982 1357 1064 priu-

352 1083 442 1167 oipio,
457 1080 619 1168 praemisso
635 1080 790 1144 Dominus
809 1078 976 1158 vobiscum,
995 1089 1026 1144 et
1041 1081 1184 1158 Initium,
1215 1086 1253 1141 ul
1272 1073 1355 1138 moris

353 1185 419 1260 est;
457 1172 546 1262 quod
583 1172 794 1260 Euangeliou]
828 1195 1005 1263 numquam
1043 1171 1299 1256 praetermittitur
1331 1168 1355 1229 in

353 1271 463 1351 Missa,
480 1270 541 1335 nisi
553 1267 683 1358 quando
698 1269 733 1333 fit
747 1266 789 1333 de
815 1270 907 1334 Festo
935 1270 977 1335 iu'
995 1270 1102 1357 aliqua
1117 1266 1299 1344 Dominica,
1315 1264 1355 1328 ml

352 1364 550 1452 Pariaque
580 1364 679 1429 habet
706 1363 916 1450 Enarrgelium
933 1364 1110 1450 proprium,
1132 1360 1223 1451 quod
1252 1359 1357 1444 legitur

254 1477 257 1482 ·
353 1460 424 1547 ojus
446 1461 526 1524 loeo.
548 1458 713 1543 Excipitur
734 1457 901 1524 Dominiea
931 1469 1045 1547 quarta
1066 1457 1252 1537 Adventus,
1278 1451 1356 1538 cujus

352 1553 562 1640 Evangelium
579 1574 641 1618 non
656 1552 774 1639 legitur
790 1552 821 1615 in
838 1552 900 1616 line
916 1553 1029 1634 Missae,
1054 1551 1184 1640 quaudo
1215 1551 1248 1613 iu
1263 1571 1299 1612 ea
1313 1568 1356 1609 oo·

354 1647 582 1735 curritVigilia
596 1647 776 1714 Natiuitatis
801 1647 942 1728 Domini,
960 1648 1036 1735 quia
1052 1669 1111 1712 neo
1134 1647 1166 1710 in
1192 1644 1305 1710 Officio
1320 1642 1356 1704 lo-

354 1753 440 1808 etum
452 1752 511 1806 est.
539 1743 576 1806 In
593 1741 685 1807 tertia
701 1743 795 1808 Missa
811 1739 851 1805 de
863 1740 915 1806 die
931 1742 1111 1808 Natiuitatis
1126 1739 1272 1820 Domini,
1289 1736 1357 1821 logi·

356 1838 450 1903 turin
476 1836 538 1900 fine
558 1836 773 1923 ,Evangelium
791 1834 831 1899 de
852 1837 1032 1923 Epiphania
1065 1835 1143 1901 Cum
1169 1847 1268 1900 nutus
1293 1839 1356 1895 osset

354 1933 458 1996 lesus.
472 1931 512 1995 Et
528 1930 561 1994 in
570 1930 738 1995 Domioiea
750 1932 932 2000 Palmarum
945 1933 977 1995 in
992 1932 1095 1996 Missis
1108 1931 1244 2016 privatis
1254 1926 1357 2012 legitur

355 2025 565 2111 Evangelium
579 2022 666 2112 quod
689 2025 819 2111 ponitur
845 2025 878 2088 in
908 2024 1139 2092 Benedictione
1169 2026 1355 2098 Palmarum,

310 2195 311 2198 Ἴ
356 2118 443 2207 quod
459 2121 555 2184 etiam
566 2122 684 2185 lectum
697 2130 744 2184 est
759 2119 790 2183 in
807 2119 930 2186 Officio.
956 2123 993 2186 lu
1007 2120 1134 2206 Vigiliis
1160 2141 1235 2205 quae
1262 2135 1357 2179 oecur-

356 2224 431 2280 runt
453 2215 486 2278 in
515 2215 778 2302 Quadragesima,
803 2218 855 2280 vel
883 2215 1028 2298 Quatuor
1051 2215 1274 2300 Temporibus,
1304 2229 1355 2271 non

357 2310 475 2398 legitur
489 2311 700 2399 Evangelium
712 2311 838 2396 vigilia
853 2312 885 2376 in
897 2313 960 2377 fine
976 2313 1090 2376 Missae.
1108 2312 1147 2375 El
1163 2303 1310 2373 similitor
1331 2303 1355 2364 io

358 2406 459 2470 Missis
478 2407 591 2472 votivis
608 2428 771 2494 nunquam
785 2407 904 2493 legitur
918 2410 949 2472 in
966 2408 1029 2472 fine
1046 2404 1133 2472 aliud
1143 2401 1354 2490 Euangeliou,

358 2501 417 2564 nisi
430 2499 464 2566 S.
481 2502 624 2567 loannis.

437 2781 477 2859 Χ
481 2783 538 2862 lV
541 2843 549 2859 .
576 2786 631 2860 De
644 2783 853 2862 oratiomodo
870 2784 987 2860 Misso
1003 2805 1050 2860 ooo
1066 2779 1294 2876 mrprodiclr‘s

770 2895 955 2972 Rabuleio.

405 3148 766 3237 SirpradictisRubricis
785 3150 931 3237 cognitis,
956 3150 982 3213 si
1013 3148 1084 3234 quis
1117 3147 1195 3213 velit
1222 3142 1361 3210 ordinare

272 3289 277 3294 -
362 3245 488 3310 Missam
502 3243 578 3326 diei,
595 3255 738 3310 recurrat
750 3245 790 3310 ad
802 3243 1010 3309 Ordiuarium
1026 3243 1194 3306 Missurum
1218 3239 1260 3303 de
1284 3240 1361 3301 Tom-

363 3359 452 3424 pore,
479 3341 532 3405 vel
556 3338 596 3404 de
623 3340 758 3423 Sanctis,
789 3337 966 3404 secuudum
989 3339 1176 3425 qualitatem
1198 3334 1314 3400 Officii.
1336 3328 1361 3392 Si

363 3435 532 3520 Proprium
547 3445 610 3499 nou
626 3437 756 3515 habeat,
769 3445 913 3501 recurrat
924 3432 965 3499 ad
981 3435 1156 3498 Commune
1169 3434 1361 3495 Sanctorum

365 3531 398 3594 si
410 3528 451 3594 de
466 3533 558 3596 Feria
571 3530 733 3619 agendum
750 3532 801 3614 sil,
820 3542 852 3597 et
868 3531 997 3618 propria
1013 3531 1105 3594 Missa
1125 3550 1189 3592 non
1215 3525 1311 3591 frrerit
1330 3519 1363 3582 do

364 3626 468 3709 Faria,
478 3625 603 3695 dicatur
613 3629 706 3694 Missa
714 3626 922 3716 praecedentis
933 3627 1119 3705 Dominicis,
1130 3623 1255 3690 omissis
1268 3619 1363 3686 Gloria

364 3722 398 3782 in
414 3720 547 3802 escaloio,
561 3732 593 3787 et
603 3723 758 3809 Symbolo,
772 3733 985 3811 praeterquam
997 3723 1154 3806 Tempore
1169 3715 1324 3790 paschali,
1337 3712 1363 3772 in

365 3834 430 3900 quo
445 3836 571 3901 semper
585 3815 702 3884 dicitur
727 3819 837 3885 Gloria
851 3821 884 3883 io
896 3818 1030 3895 excelsis,
1047 3827 1084 3880 ut
1103 3820 1212 3901 supra,
1245 3817 1361 3892 excepta

367 3907 459 3972 Missa
471 3909 705 3994 Rogationem:
729 3924 760 3979 et
782 3914 816 3976 in
840 3910 991 3979 Adventu
1015 3909 1269 3997 praetermittitur
1292 3901 1362 3968 Allo·

366 4001 435 4089 tajo
446 4014 515 4088 post
530 4004 701 4089 Gradualo,
718 4031 792 4073 oum
807 4029 865 4072 suo
877 4028 985 4074 versu.
1017 4007 1050 4070 Si
1069 4003 1205 4070 dicenda
1220 4005 1262 4068 sit
1283 4000 1360 4064 Missa

368 4096 487 4181 votiva,
504 4101 687 4185 requiratur
701 4113 771 4189 post
785 4101 961 4168 Commune
992 4103 1182 4166 Sanctorum
1206 4121 1265 4165 suo
1290 4097 1359 4158 1000·
