2750 4738
319 225 362 292 76
744 241 889 286 aurarem

222 339 230 355 ⁸
319 371 376 416 seu
388 344 589 422 solemniori,
611 351 716 430 etque
732 343 866 408 minoris
887 344 1103 410 solemnitatis
1113 353 1198 427 sunt,
1227 351 1311 414 tram

321 447 482 514 ferantur.

363 541 396 604 7.
421 538 454 602 Si
470 537 562 624 plura
577 535 670 598 Festa
688 554 806 599 norem
820 532 1009 598 Lectionum
1025 531 1242 598 transferenda
1253 533 1312 610 sint,

257 621 261 630 ’
320 633 409 721 prius
437 629 645 696 transferatur
669 629 807 714 Duplex,
821 647 917 716 quam
935 627 1144 714 Semiduplex
1153 652 1163 711 3
1192 639 1223 693 et
1249 630 1315 692 inter

319 731 410 813 plura
437 723 594 811 Duplicia,
620 720 709 808 quod
739 732 788 786 est
813 721 916 808 magis
945 723 1088 786 solemne
1104 744 1231 807 semper
1244 723 1315 808 prius

320 821 575 901 transferatur,ot
589 817 678 902 prius
693 817 886 881 celebretur:
904 817 1046 904 alioquin
1060 818 1085 882 si
1097 830 1173 882 sunt
1187 818 1315 905 aequalia,

320 938 419 981 arnum
438 925 510 980 onte
526 909 614 976 aliud
631 913 841 976 transferatur
855 935 894 978 co
912 911 1036 997 ordine,
1054 935 1119 1002 quo
1143 922 1233 978 eraut
1247 915 1316 977 cole·

322 1009 445 1077 brunda
457 1010 489 1072 iu
507 1007 644 1093 propriis
660 1005 787 1071 diebus.

364 1108 396 1172 8.
422 1107 548 1170 Festum
561 1103 704 1187 Simplex
716 1125 882 1189 nunquam
905 1102 1095 1169 transfertur
1104 1127 1113 1184 ;
1132 1102 1190 1169 sed
1205 1104 1230 1168 si
1242 1101 1278 1166 de
1288 1123 1317 1165 eo

320 1201 387 1266 lieri
405 1221 467 1264 non
489 1207 592 1283 potest
610 1197 770 1278 Officium,
787 1198 841 1262 liat
863 1197 1143 1277 Commemoratio,
1162 1209 1199 1263 ut
1213 1197 1318 1260 dictum

321 1307 369 1360 est
384 1296 416 1358 in
432 1292 574 1358 Rubrica
589 1288 629 1353 dc
646 1291 1000 1358 Commemoratioubus
1016 1313 1025 1373 ,¹
1042 1291 1068 1353 si
1085 1303 1195 1356 autom
1211 1289 1320 1358 venerit

323 1392 355 1455 in
372 1390 433 1455 illis
448 1385 574 1468 diebus,
592 1386 754 1472 inquibus
770 1386 811 1450 de
822 1387 966 1472 Simplici
979 1387 1068 1449 nulla
1080 1387 1115 1452 lit
1130 1387 1320 1453 Commemo-

320 1487 414 1566 ratio,
432 1505 470 1547 oo
485 1503 568 1546 anno
585 1501 649 1544 non
662 1481 695 1546 lit
710 1479 751 1544 dc
768 1503 805 1546 eo
818 1484 966 1569 amplius.

366 1581 397 1644 9.
423 1579 456 1643 Si
472 1573 602 1662 aliquod
618 1576 746 1640 Festum
759 1598 876 1643 novem
892 1576 1093 1661 Lectionum,
1108 1580 1218 1667 inquo
1234 1598 1321 1641 anno·

322 1685 422 1740 tetum
436 1682 484 1737 est
493 1671 562 1734 ficri
576 1670 918 1738 Commemorationem
926 1674 1061 1761 alicujus
1074 1673 1321 1752 Sancti,transfc·

323 1781 412 1834 ratur
425 1776 557 1854 propter
572 1765 797 1833 advenientem
816 1769 1029 1850 Dominicam,
1039 1772 1090 1834 rel
1107 1768 1194 1834 aliud
1208 1771 1321 1832 Festum

324 1865 438 1952 majus,
456 1884 520 1926 non
541 1871 647 1925 tamen
677 1862 866 1927 transfertur
893 1884 966 1926 cum
990 1863 1045 1926 illo
1067 1861 1321 1929 Commemoratis

322 1960 408 2024 illius
423 1957 531 2022 Sancti
548 1956 581 2018 iu
597 1975 635 2018 eo
651 1956 826 2041 assignata3
843 1954 901 2020 sed
916 1954 1002 2020 dicta
1018 1956 1281 2021 Commemoratio
1294 1954 1322 2016 lit

324 2054 446 2117 dicsuo
462 2051 494 2114 in
510 2048 687 2128 Dominica,
707 2051 760 2115 rel
775 2050 838 2113 alio
851 2050 955 2130 Festo,
984 2051 1016 2113 in
1039 2073 1104 2138 quo
1127 2051 1197 2115 fieri
1224 2049 1319 2138 possit,
1357 2071 1358 2154 q

325 2170 397 2212 cum
414 2165 497 2210 nona
509 2145 659 2209 Lectione
675 2143 833 2231 ejusdem,
848 2145 872 2209 si
890 2145 1050 2231 propriam
1077 2145 1199 2211 devita
1226 2142 1320 2210 Sancti

324 2242 490 2307 habuerit:
507 2242 636 2304 Festum
648 2260 724 2305 vero
737 2261 852 2306 novem
864 2241 1050 2304 Lectionum
1063 2243 1252 2306 transfertur
1263 2239 1320 2302 sine

325 2339 388 2400 nlla
411 2336 546 2422 amplius
566 2335 875 2399 Commemoratione
891 2335 974 2398 Festi
994 2337 1154 2420 Simplicis
1175 2331 1318 2422 praedicti.

324 2430 1320 2514 QuodetiamservaturinCommemorationibusoccurrentibus

336 2549 357 2588 n
381 2527 519 2612 Vigiliis,
538 2547 610 2590 eum
637 2523 678 2589 de
705 2526 823 2612 Vigilia
851 2526 1000 2594 veniente
1021 2527 1054 2590 in
1070 2527 1236 2590 Dominica
1250 2524 1281 2587 lit
1294 2522 1319 2582 in

324 2619 465 2684 Sabbato
489 2619 702 2706 praecedenti:
740 2629 816 2684 tunc
843 2619 1220 2698 enim‚Commemoratio
1248 2614 1320 2682 Fasti

268 2767 271 2772 .
324 2714 483 2801 Simplicis
496 2735 560 2779 nou
580 2714 614 2778 lit
626 2715 658 2778 in
672 2714 784 2778 Officio
797 2716 934 2802 vigiliae,
952 2715 1009 2779 scd
1025 2717 1057 2779 in
1073 2716 1251 2780 Dominiea.
1356 2787 1357 2798 ,

533 2977 606 3053 tt.
627 2979 683 3053 De
710 2977 977 3055 concurrentia
998 2978 1136 3074 Officii:

368 3256 400 3321 l.
426 3255 654 3322 Concurrentia
670 3254 773 3321 Officii
787 3252 987 3332 attendenda,
1012 3264 1061 3319 est
1089 3273 1217 3340 semper
1231 3254 1261 3318 in
1278 3269 1320 3316 sc·

323 3348 437 3416 cundis
450 3350 612 3435 vesperis,
629 3348 791 3438 quomodo
806 3350 847 3414 sit
861 3349 1079 3414 ordinandum
1094 3350 1242 3414 Officium
1258 3363 1319 3412 cum

322 3444 469 3532 sequenti
485 3442 551 3508 die.
578 3447 690 3530 Itaque
706 3466 779 3510 cum
795 3444 915 3510 dieitur
930 3445 1078 3510 Officium
1104 3442 1234 3530 aliquod
1258 3459 1319 3506 cum

324 3539 387 3604 alio
408 3557 610 3619 concurrere,
627 3539 816 3624 intelligitur
839 3537 880 3604 de
910 3537 1101 3623 precedenti
1125 3539 1159 3602 iu
1185 3531 1321 3602 secundis

323 3632 475 3718 Vesperis
489 3651 563 3696 cum
577 3635 723 3720 sequenti
739 3636 771 3697 in
786 3635 897 3720 primis
911 3635 1074 3720 Vesperis.

368 3741 401 3802 2.
425 3739 549 3824 Duplici
566 3762 642 3828 ergo
656 3743 688 3804 in
703 3741 852 3806 secundis
870 3743 1021 3827 vesperis
1036 3751 1247 3807 concurrente
1258 3757 1319 3808 cum
1355 3803 1356 3806 ,

322 3831 387 3895 alio
403 3835 548 3918 sequenti
564 3836 689 3920 Duplici
706 3839 737 3899 in
754 3838 877 3923 primis,
894 3839 919 3901 si
935 3847 1072 3924 utraque
1098 3838 1162 3901 sint
1187 3834 1318 3924 ejusdcm
1355 3871 1356 3924 p

324 3924 544 4005 solemnitatis,
558 3930 780 4014 regularitera
808 3931 953 4018 Capitulo
975 3932 1011 3996 fit
1026 3931 1067 3996 de
1081 3935 1228 4020 sequenti
1256 3947 1317 3996 oum
1355 3929 1356 3955 *

325 4017 633 4085 Commemoratione
645 4023 864 4108 precedentis,
878 4027 938 4089 nisi
953 4026 1047 4090 aliter
1057 4026 1090 4089 in
1106 4027 1244 4113 propriis
1253 4020 1318 4088 locis

325 4123 508 4179 annotetur.
525 4115 648 4182 sivero
663 4119 801 4184 nonsint
816 4119 961 4206 ejusdem
985 4121 1206 4206 solemnitatis,
1222 4138 1318 4187 serro-
