2750 4738
431 218 621 262 rorrrrrcrnr.
977 195 1038 262 119

37 342 179 408 cumque.
196 321 353 388 Volumus
370 327 489 397 eutem,
507 327 539 382 ot
553 316 667 381 eadem
688 319 876 382 aucmritnte
891 317 1039 385 decerni·

37 438 111 497 mus,
129 426 164 481 ut
179 425 251 503 post
264 414 362 500 hujus
389 424 504 478 nostrae
523 410 757 477 constitutionis
773 433 809 474 ac
825 413 958 477 Missalis
974 413 1040 478 cdi·

38 511 160 594 tionem,
192 511 247 597 qui
280 510 312 573 in
343 530 474 574 romana
501 506 606 572 adsint
631 504 726 570 Curia
755 506 942 594 presbyteri,
971 520 1042 596 post

38 625 194 686 mensem;
212 602 267 690 qui
285 623 363 668 vero
386 603 468 666 intra
490 611 628 684 montes,
645 609 716 686 post
737 610 823 686 tres;
842 605 941 690 etqui
958 607 1041 670 ultra

37 706 152 761 montes
169 698 324 780 incolunt,
345 706 417 783 post
431 718 487 760 sex
501 717 639 774 menses,
658 704 713 759 aut
728 717 800 760 eum
816 697 955 783 primum
979 701 1042 764 illis

38 791 154 854 Missalc
169 790 232 855 hoc
247 792 361 855 venale
377 790 576 877 propositum
588 789 697 871 fuerit,
710 787 804 874 juxta
820 791 899 855 illud
913 795 1040 859 Missam

39 884 200 949 decantare
213 887 267 948 vel
279 887 387 972 legere
400 894 581 950 teneantur.
596 881 690 965 Quod
704 893 739 948 ut
750 885 871 972 ubique
884 896 1040 954 terrarum

39 980 263 1066 incorruptum,
281 1001 318 1044 ac
343 978 469 1044 mendis
484 989 515 1043 et
537 978 701 1044 erroribus
718 990 890 1065 purgatum
908 1004 1041 1066 praesor-

39 1084 133 1154 retur,
159 1074 308 1140 omuibus
338 1075 370 1138 in
389 1085 497 1139 nostro
525 1083 557 1138 et
584 1084 699 1138 sanctae
732 1096 870 1139 romane
892 1078 1041 1142 Ecclesiae

39 1165 172 1232 dominio
188 1165 327 1233 mediate
341 1170 393 1233 rol
409 1165 594 1233 immediate
611 1166 755 1253 subjecto
771 1172 1041 1236 commorantibus

40 1262 287 1347 impressoribus,
305 1263 365 1328 sub
379 1261 558 1326 amissionis
573 1262 741 1342 librorum,
755 1283 792 1327 ac
806 1275 934 1328 centum
946 1263 1041 1331 duca·

41 1365 136 1419 torum
147 1356 229 1437 auri,
244 1355 383 1421 Camerae
397 1356 577 1444 apostolice
590 1356 658 1441 ipso
670 1356 754 1420 lacto
766 1357 1040 1442 applicandorum,

40 1450 102 1513 aliis
116 1473 193 1515 vero
209 1452 243 1514 in
266 1471 469 1538 quacumque
496 1449 583 1514 orbis
607 1459 697 1536 parte
720 1451 966 1517 consistentibus
983 1452 1043 1518 sub

41 1547 369 1611 excommunicationis
384 1548 455 1610 latae
471 1544 648 1624 sententia,
671 1553 704 1608 ot
719 1544 789 1608 aliis
804 1543 927 1610 arbitrii
944 1547 1042 1612 nostri

41 1640 143 1721 penis,
160 1661 201 1704 ne
216 1642 285 1705 sine
301 1651 421 1719 nostra,
436 1642 489 1706 rel
505 1639 652 1724 specialis
667 1637 707 1702 ad
727 1637 759 1700 id
778 1633 942 1724 apostolici
958 1663 1043 1706 com·

42 1734 178 1815 missarii,
196 1736 229 1799 in
241 1735 362 1801 eisdem
376 1735 520 1822 partibus
532 1757 551 1798 a
562 1735 660 1799 Nobis
673 1733 887 1799 constituendi
900 1736 1039 1818 lieentia,

42 1848 73 1890 ac
93 1830 150 1892 nisi
181 1851 240 1914 per
267 1828 417 1893 eumdem
443 1828 695 1893 commissarium
726 1826 831 1892 eidem
860 1829 1041 1914 impressori

43 1922 164 1990 Missalis
180 1927 375 2011 exemplum,
394 1945 434 1990 ex
456 1946 520 2012 quo
545 1925 680 1988 aliorum
696 1921 983 2008 imprimendorum
1000 1926 1041 1991 ab

43 2017 102 2098 ipso
118 2018 308 2105 impressore
331 2019 393 2082 orit
415 2016 602 2104 accipienda
625 2038 748 2100 norma,
774 2038 848 2080 curn
866 2018 983 2083 Missali
1008 2019 1040 2083 in

43 2108 119 2173 Urbe
130 2111 306 2176 secuudum
312 2132 461 2198 magnam
474 2111 715 2196 impressionem
727 2110 880 2195 impresso
892 2113 1042 2176 collatum

44 2202 140 2289 luisse,
173 2217 205 2271 et
232 2205 440 2289 concordare,
466 2205 582 2270 necin
608 2207 675 2269 ullo
704 2206 832 2291 penitus
861 2207 1042 2294 discrepare

45 2297 121 2380 prius
135 2301 229 2385 plena
244 2299 323 2366 fides
338 2302 421 2366 facta
436 2301 545 2383 luerit,
563 2300 759 2385 imprimere,
782 2301 835 2364 vel
849 2322 1040 2387 proponere,

45 2393 88 2455 vel
101 2395 241 2481 recipere
257 2398 324 2460 ullo
339 2395 437 2461 modo
461 2394 602 2460 audeant
615 2397 667 2462 vel
683 2405 886 2481 presumant,
903 2397 1043 2461 auetori-

46 2492 100 2547 tate
120 2490 302 2572 apostolica,
332 2501 364 2554 et
386 2500 497 2555 tenore
524 2490 729 2576 praesentium
745 2489 902 2553 similibus
918 2490 1041 2555 inhibe·

46 2599 116 2647 mus.
142 2583 263 2650 Verum
290 2587 366 2672 quia
396 2583 525 2649 difficile
546 2595 628 2649 esset
654 2595 825 2670 presentes
855 2585 976 2652 litteras
999 2585 1041 2651 ad

46 2692 167 2761 queque
184 2678 349 2766 christiani
372 2680 459 2744 orbis
482 2681 552 2744 loca
574 2678 708 2765 deferri,
733 2701 770 2744 ac
792 2679 896 2764 primo
912 2701 1041 2768 quoque

46 2775 176 2854 tempore
202 2773 237 2836 in
259 2774 403 2838 omnium
422 2775 569 2839 notitiam
590 2774 737 2858 perferri,
759 2773 829 2836 illas
844 2771 884 2836 ad
899 2775 1042 2838 Basilice

46 2859 187 2948 Principis
201 2863 440 2952 Apostolorum,
467 2890 503 2932 ac
525 2867 728 2932 Cancellariae
748 2867 939 2952 apostolieae,
958 2877 989 2931 et
1009 2868 1041 2931 iu

46 2955 103 3018 acic
118 2957 225 3046 Campi
241 2962 342 3026 Florae
357 2961 398 3026 dc
414 2985 503 3028 more
520 2961 677 3047 publicari
694 2971 725 3026 et
752 2962 848 3048 affigi,
863 2983 899 3026 ac
915 2983 1041 3028 earum-

48 3045 111 3114 dem
124 3053 300 3120 litterarum
321 3061 475 3143 exemplis
499 3058 595 3122 etiam
618 3057 790 3143 impressis,
812 3078 848 3120 ao
871 3077 968 3121 marm
987 3058 1042 3121 ali·

48 3142 127 3228 eujus
141 3147 260 3232 publici
277 3152 456 3216 tabellionis
479 3152 676 3238 subscriptis,
702 3173 825 3216 necnon
848 3151 952 3236 sigillo
967 3173 1042 3237 per·

48 3242 162 3306 sanein
175 3243 331 3332 dignitate
340 3248 552 3312 ecclesiastica
560 3248 737 3312 constitutae
744 3246 885 3329 munitis,
895 3249 1041 3312 eamdem

48 3351 161 3413 prorsus
176 3338 390 3406 indubitatam
414 3342 511 3406 fidem
532 3344 653 3429 ubique
676 3341 832 3428 gentium,
849 3350 881 3404 et
898 3340 1040 3406 locorum

48 3421 144 3492 haberi
156 3431 370 3518 precipimus,
386 3456 457 3521 que
471 3435 679 3520 presentibus
692 3431 877 3515 haberetur,
898 3433 922 3496 si
939 3444 1041 3498 osten·

49 3512 196 3607 derantur,
214 3528 268 3590 vel
284 3528 524 3593 exhiberentur.
538 3528 623 3593 Nulli
639 3550 715 3616 ergo
731 3528 860 3592 omnino
875 3527 1041 3593 hominum

49 3609 128 3680 liccat
140 3619 224 3685 hanc
239 3623 390 3709 paginam
406 3636 520 3690 nostre
536 3625 765 3714 permissionis,
779 3624 900 3703 statuti,
918 3622 1042 3688 ordina·

50 3705 137 3795 lionis,
153 3713 308 3800 mandati,
327 3721 490 3805 precepti,
508 3719 732 3803 concessionis,
753 3717 880 3800 indulti,
898 3718 1042 3783 declara-

49 3798 138 3907 llunis,
153 3810 339 3895 voluntatis,
356 3811 489 3899 decreti,
510 3826 541 3881 et
563 3815 763 3879 inhibitionis
784 3814 971 3902 infringere,
989 3816 1041 3881 vel

51 3912 73 3954 u
90 3917 160 3964 ausu
175 3906 345 3970 temerario
362 3910 533 3974 contraire.
552 3909 585 3973 Si
601 3912 673 3996 quis
689 3919 796 3974 autem
808 3909 870 3973 hoc
884 3918 1040 3974 attentare

51 4000 537 4088 praesumpserit,indignationem
548 4004 775 4092 omnipotentis
789 4003 860 4087 Dei,
877 4025 915 4068 ao
928 4003 1041 4068 beato·

52 4097 109 4146 rum
122 4087 203 4152 Petri
219 4101 252 4155 et
270 4095 362 4158 Pauli
384 4094 609 4180 Apostolorum
637 4098 718 4184 ejus,
741 4121 774 4162 se
798 4097 923 4162 noverit
938 4097 1040 4160 inmm-

53 4191 156 4245 surum.
