2806 4736
338 215 383 284 96
756 232 951 282 consueras

382 340 425 404 R.
444 335 614 402 Rceolitur
626 333 786 398 memorie
798 335 834 398 S.
857 333 1010 399 Tituiarr‘e
1024 355 1078 400 cea
1090 337 1228 406 Patroni
1248 344 1342 408 Eccle-

339 434 407 515 aia,
421 431 454 496 in
464 450 528 518 qua
541 427 669 495 Missam
686 427 830 493 celebrat
845 426 1005 511 sacerdos,
1024 451 1088 494 non
1101 442 1210 500 autern
1224 438 1339 504 Patroni

331 527 402 592 loci
419 525 483 590 nisi
501 523 647 590 celebret
661 523 694 587 in
711 522 997 609 oratorio'prirato
1011 526 1065 590 rel
1080 527 1224 612 publico,
1241 533 1339 597 Patro-

341 641 419 685 num
435 639 499 684 non
517 617 672 696 habento,
690 618 741 682 rel
758 615 793 680 in
809 616 944 682 ecclesia
966 611 1116 686 dedicata
1131 619 1227 688 alieni
1241 626 1339 712 Myste-

341 716 401 795 rio,
418 724 498 802 puta
513 714 571 778 SS.
588 711 765 794 Trinitatis,
784 712 819 776 S.
837 709 960 795 Crucis,
974 722 1038 779 etc.

385 810 419 875 Si
438 811 548 896 plures
568 809 633 873 sint
650 806 797 888 Patroni,
815 827 928 872 omnes
949 808 1139 875 nominandi
1154 824 1238 897 sunt,
1256 815 1339 880 modo

341 904 404 969 sint
418 922 510 990 aeque
525 901 731 987 principales,
750 901 829 964 alias
844 901 944 965 solius
958 901 1198 989 principalioris
1212 908 1247 973 fir
1260 929 1340 973 men·

342 999 400 1064 tio.

384 1093 464 1160 Cum
480 1093 521 1158 de
538 1091 652 1158 eodem
668 1091 719 1155 bis
734 1090 804 1153 lieri
821 1089 1092 1158 commemoratio
1107 1094 1243 1160 vetitum
1258 1097 1305 1176 sit,
1320 1098 1340 1160 si

338 1186 382 1251 de
395 1189 525 1270 Sancto,
537 1185 630 1272 cujus
643 1204 761 1247 nomen
774 1184 912 1247 recurrit
925 1183 956 1248 in
970 1186 1026 1249 illa
1041 1187 1200 1274 oratione,
1213 1191 1343 1256 celebre·

340 1292 393 1347 tur
405 1283 499 1346 Missa
516 1282 568 1347 acl
582 1281 614 1342 in
628 1279 722 1342 lllissa
733 1277 787 1342 liat
803 1276 1168 1361 Commemoratio,tuuc
1179 1283 1343 1351 omittenda

341 1373 688 1461 eritejusdcmiterata
707 1370 898 1454 nominatio,
917 1374 969 1438 vel
983 1374 1054 1439 loeo
1084 1377 1118 1440 A
1146 1381 1264 1444 coactis
1288 1363 1342 1444 diei

340 1470 461 1555 poterit
487 1470 589 1532 altera
612 1467 722 1531 Oratio
739 1463 780 1530 ad
795 1465 959 1551 poscenda
975 1469 1136 1558 Suffragia
1152 1473 1341 1555 Sanctorum,
1400 1481 1401 1506 l

334 1562 478 1629 Concede
502 1579 776 1647 oratoriaeque
792 1569 841 1623 est
863 1561 968 1645 prima
994 1563 1080 1627 iuter
1105 1565 1274 1632 Orationes
1300 1566 1343 1631 di·
1400 1595 1401 1655 p

340 1679 462 1723 versas.
865 1684 867 1688 ·

383 1752 504 1832 Quaest.
532 1748 607 1814 178.
628 1747 734 1827 Quare
750 1751 877 1812 aomina
899 1749 959 1814 SS.
981 1752 1191 1836 Arepelorum,
1208 1757 1342 1819 Joaaaia·

339 1848 489 1930 Baptistae
504 1856 531 1908 et
545 1843 581 1908 S.
607 1843 723 1927 derepit
749 1847 782 1907 ia
809 1843 865 1907 irae
890 1847 1028 1910 oratione
1048 1851 1258 1933 praeponendo
1281 1859 1343 1912 reat
1398 1855 1401 1936 l

338 1939 531 2025 Apostolia?

383 2037 481 2100 laur
509 2045 657 2101 servetur
680 2033 762 2096 ordo
792 2032 959 2118 diguitatis
988 2057 1199 2120 personarum
1228 2035 1341 2123 (quast.

341 2131 434 2211 169),
449 2139 481 2193 et
495 2139 572 2194 tunc
587 2129 687 2195 verba
701 2127 862 2191 Orationis
878 2127 923 2191 sic
940 2138 1014 2192 sunt
1025 2129 1246 2216 disponenda:
1262 2133 1343 2194 irater·
1400 2111 1401 2184 i

333 2223 460 2288 cedente
481 2227 634 2290 Beata...
660 2226 774 2305 Maria,
808 2244 877 2285 aare
900 2224 1005 2288 Beatia
1033 2226 1180 2311 dapalis,
1206 2227 1260 2292 vel
1285 2245 1344 2287 oum
1400 2239 1401 2320 p

338 2319 436 2382 Beato
451 2318 608 2396 Michaele,
628 2316 781 2400 Gabriele,
800 2327 878 2394 etc,
896 2338 964 2380 eam
980 2321 1075 2384 Beato
1098 2321 1342 2404 leenae-Bapti-

331 2423 399 2494 sta,
418 2433 487 2476 ram
497 2414 591 2478 Beato
602 2411 728 2497 Joseple,
743 2413 847 2476 Beatir
861 2411 1020 2496 Apostoiia
1036 2415 1133 2479 Petro
1150 2414 1302 2492 etPaalo,
1323 2424 1344 2476 et
1399 2475 1400 2482 ,

334 2504 482 2569 amnibus
497 2505 634 2569 Sanctio.

713 2733 745 2818 a)
766 2733 822 2798 Aa
843 2734 979 2800 terrram.

383 2955 502 3034 Quaest.
521 2952 596 3014 179.
622 2951 801 3035 Aliquando
818 2955 907 3016 tertio
923 2953 986 3016 iace
998 2954 1212 3038 praescribitur
1228 2955 1344 3019 dicenda

335 3047 453 3113 Oratio
469 3043 509 3108 ad
525 3044 667 3123 libitum,
681 3067 777 3132 parare
798 3048 843 3110 ita
865 3059 1005 3127 uocatur,
1039 3058 1067 3113 et
1096 3049 1174 3134 quid
1198 3053 1345 3134 praecipue

333 3141 443 3229 -paeari
459 3139 545 3203 iliam
560 3139 758 3204 notandam?

383 3239 425 3302 R.
443 3234 554 3299 Oratio
570 3235 610 3298 ari
622 3235 744 3299 libitam
757 3236 800 3300 ita
816 3247 964 3315 vocatur,
983 3257 1049 3301 non
1063 3235 1152 3324 quod
1176 3260 1236 3325 pro
1259 3237 1346 3302 libitu

334 3353 398 3398 suo
414 3331 512 3415 possit
528 3330 677 3394 sacerdos
694 3332 781 3394 illam
808 3329 918 3396 dicere
948 3333 1001 3397 vel
1025 3333 1188 3411 omittere,
1206 3331 1264 3396 scd
1279 3331 1347 3418 quia

339 3447 439 3513 penes
454 3425 559 3510 ipsum
576 3435 624 3489 est
636 3424 783 3511 ejusdem
800 3427 932 3509 electio,
951 3427 1028 3514 eligi
1044 3438 1154 3492 autem
1185 3436 1289 3513 potest
1312 3447 1347 3489 ex

332 3540 545 3607 quocumque
558 3520 694 3584 Missalis
709 3522 794 3600 loco,
810 3542 885 3585 curn
904 3519 1027 3585 eadem
1038 3522 1232 3587 limitatione
1248 3533 1346 3587 temen

332 3635 437 3700 quarn
453 3636 512 3698 pro
524 3614 735 3679 Orationibus
749 3616 876 3683 Votivis
889 3612 1083 3680 adduximus
1095 3627 1210 3702 quaest.
1221 3616 1296 3697 169,
1304 3615 1345 3678 5⁰.

340 3707 421 3772 Cum
445 3718 554 3772 autem
580 3709 692 3775 Oratio
718 3711 834 3775 illusit
860 3711 1133 3777 Commemoratio
1163 3712 1347 3791 eommunis,

332 3792 522 3867 cauendum
534 3813 632 3868 estne
647 3806 716 3868 talis
726 3815 872 3870 sumatur
884 3807 916 3868 in
926 3826 991 3892 qua
1002 3805 1120 3870 iterum
1132 3806 1346 3871 fieretmentio

340 3894 423 3981 ejus,
436 3894 477 3959 de
491 3905 556 3984 'quo
565 3897 635 3983 jam
646 3900 678 3962 in
691 3898 950 3986 praecedentibus
965 3901 1049 3965 lacta
1062 3901 1123 3966 luit
1134 3902 1261 3988 (quaest.
1277 3900 1346 3980 175)

334 3987 492 4078 ideoque,
510 4013 584 4056 crrm
599 3993 710 4058 Oratio
725 3997 758 4059 A
773 3999 893 4071 carratis
915 4016 1044 4081 semper
1057 3993 1201 4060 secundo
1217 3996 1287 4061 loco
1301 3991 1346 4056 di·

331 4085 443 4152 cende
458 4089 590 4173 ponitur
604 4089 736 4177 quando
760 4092 855 4156 tertia
871 4090 973 4157 estad
1000 4090 1121 4155 libitum
1136 4089 1213 4178 (Tit.
1240 4091 1296 4174 IX,
1313 4109 1342 4151 n.
