2750 4738
443 289 617 336 nuevrann.
940 301 943 305 ’
992 269 1034 334 77

43 403 85 457 tur
106 391 283 458 differentia
308 391 341 455 in
364 387 514 457 Rubricis
536 389 577 458 de
603 389 976 471 commemorationibus,
1004 399 1037 457 et

42 487 242 552 Translatione
252 485 419 551 Fastorum
434 486 610 574 assignata:
628 497 664 552 ut
674 485 794 550 scilicet
807 487 899 550 Festa
913 483 1037 572 majora

42 584 162 647 habeant
184 581 305 669 primas
321 589 354 644 et
387 579 542 645 secundas
578 580 735 667 Vesperas
772 579 924 664 integras,
961 599 1035 644 cum

42 675 334 740 Commemoratione
346 675 519 758 minorum,
532 673 662 762 quando
678 673 718 739 de
730 674 775 740 eis
790 675 859 739 lieri
876 671 985 740 debet.
1002 675 1036 738 Si

42 781 133 834 autem
149 779 220 855 post
234 766 365 855 aliquod
377 769 506 833 Festum
519 788 558 833 cx
570 769 619 847 iis,
637 791 707 858 quae
723 768 909 836 insecundo
923 767 1036 840 ordine

41 866 125 949 posita
135 875 211 930 sunt
225 865 259 928 in
268 863 412 929 Rubrica
433 862 474 928 de
489 863 867 948 Commemorationibus,
882 877 1037 954 sequatur

43 958 210 1024 immediate
225 955 315 1022 aliud
326 979 366 1020 ex
377 959 573 1022 solemnibus
586 961 773 1049 majoribus,
782 962 931 1048 Vesperoe
943 973 1038 1028 erunt

42 1049 75 1115 de
94 1053 236 1139 sequenti
262 1073 334 1116 cum
358 1052 668 1120 Commemoratione
697 1055 917 1142 precedentis.
950 1059 1039 1121 Inter

42 1147 118 1210 Festa
132 1147 263 1234 aequalis
286 1147 495 1211 solemnitatis
523 1160 671 1214 servetur
689 1152 742 1216 lrie
765 1151 857 1231 ordo,
889 1162 926 1217 ut
945 1152 1037 1215 Festa

42 1241 153 1304 Domini
177 1241 393 1326 preferantur
411 1241 560 1306 omnibus
575 1245 657 1324 aliis,
674 1257 706 1311 et
725 1246 866 1312 habeant
886 1257 1038 1330 utrasque

42 1335 182 1420 Vesperas
198 1337 357 1424 integras3
373 1336 466 1401 sicuti
485 1337 576 1402 Festa
592 1341 631 1403 B.
650 1341 768 1422 Mariae,
784 1327 885 1408 Festis
910 1345 1039 1410 Sancto·

44 1450 119 1491 rum:
136 1429 212 1494 item
227 1431 320 1501 Festa
336 1429 545 1517 Angelorum,
560 1435 666 1499 Sancti
681 1436 800 1521 loseph
823 1439 936 1524 Sponsi
955 1441 1039 1504 Bea-

44 1532 74 1585 te
84 1523 182 1588 Mariae
194 1525 349 1611 Virginis,
363 1535 395 1590 et
407 1524 646 1610 Apostolorum,
670 1531 785 1594 ceteris
800 1532 886 1615 aliis3
905 1543 937 1598 et
947 1535 1040 1598 Festa

43 1617 154 1682 illorum
175 1619 378 1700 Sanctorum,
392 1622 446 1708 qui
463 1623 497 1686 in
514 1625 649 1708 propriis
662 1624 749 1700 loeis,
763 1628 815 1689 vel
826 1627 974 1692 Ecclesiis
988 1651 1041 1693 so·

43 1713 175 1777 lemniter
190 1715 408 1796 celebrantur,
426 1717 496 1781 aliis
521 1719 554 1780 in
576 1717 772 1784 Kalendario
786 1721 966 1810 descriptis.

78 1809 107 1870 5.
128 1809 253 1896 Duplici
278 1831 355 1874 vero
376 1823 588 1877 concurrente
604 1835 675 1876 eum
700 1816 792 1878 Festo
818 1818 1039 1906 semiduplici,

44 1923 105 1965 eum
139 1905 317 1984 Dominica,
351 1925 425 1969 cum
451 1905 504 1970 die
535 1907 617 1970 inira
653 1905 815 1990 Octavam,
850 1933 923 1977 cum
947 1915 1041 1980 Festo

44 1996 186 2082 Simplici,
211 2010 242 2063 ct
273 2021 346 2063 cum
374 1999 485 2064 Officio
506 2002 547 2066 B.
575 2002 682 2065 Mariae
713 2004 744 2066 in
782 2005 934 2088 Sabbato,
971 2032 1040 2074 om·

44 2089 88 2152 nia
120 2092 152 2154 in
188 2091 337 2156 secundis
366 2094 518 2178 Vesperis
552 2093 592 2158 de
626 2096 764 2180 Duplici,
794 2119 868 2163 cum
898 2101 1041 2168 Comme·

45 2184 205 2248 moratione
242 2187 397 2253 illorum:
435 2188 496 2251 nisi
532 2187 614 2252 illud
651 2191 774 2276 Duplex
798 2193 895 2260 luerit
928 2195 969 2261 de
990 2201 1039 2280 iis,

45 2297 104 2361 quae
128 2281 330 2366 excipiuntur
360 2283 393 2345 in
429 2283 572 2348 Robrica
593 2281 634 2347 de
667 2283 1041 2372 Commemorationibus‚

47 2370 71 2432 in
88 2374 200 2459 quibus
216 2377 330 2463 aliquae
355 2377 680 2444 Commemorationcs
694 2382 896 2450 omittuntur.
914 2391 1040 2478 Duplici

48 2466 140 2551 etiam,
155 2481 186 2534 ct
202 2491 406 2559 quocumque
423 2473 535 2536 Officio
556 2495 672 2539 novem
697 2476 884 2545 Lectionum
910 2506 1042 2551 concur·

49 2571 125 2623 rente
140 2585 214 2628 cum
227 2565 331 2645 Feria,
356 2568 408 2631 vel
438 2567 543 2652 potius
566 2579 719 2654 sequente
735 2570 840 2653 Feria,
867 2579 975 2642 omnia
1000 2578 1041 2644 de

48 2652 171 2738 Duplici,
185 2669 217 2722 et
232 2661 312 2724 nihil
328 2659 368 2722 dc
380 2662 472 2725 Feria
485 2673 652 2748 sequente.
671 2663 735 2728 Sed
756 2666 781 2727 si
811 2667 940 2734 Festum
956 2675 1042 2737 cele·

48 2745 147 2814 beetur
161 2753 193 2814 in
205 2752 368 2835 Adventu,
386 2767 417 2820 et
433 2756 696 2844 Quadragesima,
710 2760 744 2824 fit
756 2783 883 2847 semper
894 2765 1042 2832 Comme-

49 2845 169 2910 moratio
186 2845 226 2910 dc
241 2849 347 2927 Feria,
361 2861 396 2914 ut
419 2850 501 2915 inira
528 2851 664 2918 dicetur.
689 2854 780 2919 Idem
804 2856 978 2926 dicendum
1001 2863 1041 2928 de

48 2933 133 3000 lestis
149 2941 352 3026 simplicibus
367 2946 571 3011 venientibus
592 2969 664 3013 cum
689 2953 835 3036 sequenti
865 2954 958 3021 Festo
984 2980 1042 3022 no-

50 3047 111 3092 vem
122 3033 320 3115 Lectionum,
338 3036 378 3100 dc
394 3040 512 3125 quibus
525 3043 619 3106 etiam
634 3042 900 3112 Commemoratio
915 3051 961 3134 fit,
978 3075 1042 3118 uon

51 3125 158 3190 ratione
174 3150 358 3212 concursus,
372 3133 429 3196 sed
445 3137 519 3221 quia
546 3135 660 3202 eodem
676 3137 728 3202 die
744 3155 928 3230 occurrunt,
946 3159 980 3212 ut
993 3147 1043 3213 di·

51 3225 124 3284 etum
136 3234 181 3287 est
195 3226 228 3287 in
238 3228 379 3292 Rubrica
395 3227 435 3292 de
449 3231 822 3300 Commemorationibus.

88 3316 117 3377 l.
141 3317 347 3405 Semiduplici
358 3324 464 3403 Festo,
475 3329 653 3412 Dominica,
669 3340 702 3393 et
712 3328 765 3393 die
793 3332 877 3396 inira
891 3333 1044 3401 Octavam

53 3413 301 3478 concurrentibus
322 3437 395 3480 cum
411 3423 556 3506 sequenti
581 3424 722 3508 Duplici,
741 3427 848 3489 omnia
863 3426 903 3490 de
918 3431 1045 3516 Duplici

54 3519 116 3563 cum
128 3501 435 3575 Commemoratione
449 3515 595 3600 illorum3
610 3519 669 3582 nisi
682 3521 808 3605 Duplex
820 3521 917 3587 luerit
929 3546 969 3588 ex
982 3525 1046 3588 iru-

54 3612 130 3702 rnero
151 3600 320 3686 majorum,
337 3627 407 3690 quae
423 3630 519 3694 supra
534 3613 566 3674 in
578 3614 720 3678 Robrica
746 3613 786 3678 de
809 3615 1047 3686 Commemora-

56 3691 182 3756 tronrbus
192 3710 361 3763 numerata
373 3705 494 3782 suntin
507 3707 624 3792 quibus
636 3710 723 3773 nulla
735 3708 770 3773 fit
782 3710 1048 3782 Commemoratio

57 3786 258 3890 precedentis.
277 3795 486 3883 Semiduplici
496 3803 588 3868 Festo
596 3817 805 3870 concurrente
817 3829 890 3874 cum
901 3797 1047 3898 sequenti

57 3877 108 3940 alre
136 3883 354 3972 semiduplici,
378 3913 451 3958 cum
483 3899 661 3983 Dominica,
694 3904 746 3967 vel
780 3922 853 3966 cum
879 3903 935 3969 die
965 3908 1048 3972 inira

58 3968 207 4060 Octavam,
222 3994 240 4044 a
256 3981 455 4068 capitulam
478 3989 519 4056 do
536 3994 695 4079 sequenti,
717 4006 756 4061 -ct
783 3996 1050 4068 Commemoratio

59 4069 259 4155 precedentis,
277 4077 337 4142 nisi
352 4081 446 4144 aliter
459 4084 615 4172 signetur.
634 4087 842 4174 Semidupliei
855 4105 960 4159 autem
977 4118 1049 4160 con·

60 4176 193 4230 surrento
215 4191 287 4236 cum
302 4176 448 4260 sequenti
479 4181 571 4248 Festo
587 4181 745 4270 Simplici,
774 4189 825 4250 vel
841 4209 913 4253 curn
941 4191 1049 4256 Officio
