2750 4738
314 163 377 226 100
747 175 891 218 nuenton

313 283 501 370 repetitione
519 278 738 366 Responsorii,
752 299 790 344 eo
809 275 923 358 mode,
940 298 1005 364 quo
1021 276 1188 343 ordinatur
1202 279 1238 344 ad
1249 285 1306 346 Pri-

312 399 398 443 mam
411 378 443 442 in
458 376 624 453 Psalterio,
640 385 856 461 praeterquam
872 374 1028 457 Tempore
1051 374 1229 439 Passionis:
1245 387 1307 440 tunc

313 474 398 538 enim
412 493 476 536 non
492 470 611 538 dicitur
627 469 735 536 Gloria
750 469 851 549 Patri,
863 470 894 532 in
910 467 1022 532 Officio
1037 465 1252 556 de-Tempore,
1262 469 1307 535 scd

311 571 414 636 solnm
428 569 584 654 repetitur
603 566 858 652 Responsorium
873 565 1003 630 breves
1019 565 1192 652 principio.

355 666 388 730 5.
412 666 449 729 In
464 661 682 748 Responsoric
700 660 793 725 brevi
808 660 848 724 ad
872 660 1025 741 Primam,
1045 661 1116 724 loco
1130 663 1245 728 Versus
1257 665 1307 746 Oui

310 744 415 840 sedes,
433 769 508 839 etc,
525 759 559 822 in
573 753 726 821 Adventu
740 752 871 836 dicitur,
890 755 954 837 Qui
969 763 1123 820 venturus
1140 778 1173 820 es
1185 759 1216 822 in
1230 781 1308 824 mun·

311 854 400 934 dnm,
410 864 474 919 tam
490 854 521 918 in
533 851 721 930 Dominicis,
735 860 766 914 et
780 851 892 929 Feriis,
904 869 1000 936 quam
1014 850 1047 914 in
1060 851 1175 936 Festis3
1191 866 1308 938 excepto
1359 859 1360 866 ’

311 950 404 1014 Festo
420 947 641 1034 Conceptionis
652 947 759 1010 Beatae
775 945 893 1024 Mariae,
908 954 940 1008 ct
954 966 1013 1029 per
1028 943 1196 1012 Octavam.
1211 951 1244 1014 In
1255 951 1308 1014 Na-

313 1044 434 1109 tivitatc
453 1042 581 1108 Domini
610 1061 711 1126 usque
738 1036 778 1102 ad
805 1039 1027 1126 Epiphaniam,
1054 1041 1150 1106 etiam
1178 1043 1309 1108 inFestis

312 1137 571 1204 occurrentibus:
589 1136 622 1198 in
636 1135 728 1197 Festo
741 1133 890 1214 Corporis
906 1133 1034 1217 Christi,
1044 1145 1078 1199 et
1088 1157 1147 1221 per
1158 1136 1308 1204 Octavam:

313 1244 344 1298 ct
368 1235 401 1298 in
417 1233 503 1297 omni
518 1231 630 1296 Officio
645 1230 752 1292 Beatae
765 1229 883 1309 Mariae,
898 1239 964 1294 tam
981 1252 1097 1298 novem
1113 1253 1209 1318 quarn
1227 1235 1310 1298 trium

310 1329 511 1409 Lectionum,
534 1325 631 1390 etiam
647 1323 673 1387 si
696 1324 780 1388 inira
796 1321 942 1408 ejusdem
958 1324 1094 1391 Octavus
1108 1325 1164 1390 fiat
1179 1326 1219 1392 de
1231 1330 1310 1392 Festo

312 1424 365 1490 vel
380 1422 421 1488 de
436 1420 615 1502 Dominiea,
633 1415 762 1498 dicitur,
777 1418 840 1500 Qui
856 1428 949 1484 natus
965 1440 998 1482 es
1014 1419 1055 1483 de
1067 1421 1168 1486 Maria
1178 1423 1310 1510 Virgine.

312 1523 351 1584 In
373 1518 563 1605 Epiphania,
582 1525 613 1579 et
637 1536 694 1600 per
709 1511 875 1594 Octavam,
894 1524 926 1578 et
941 1515 974 1577 in
996 1517 1089 1582 Festo
1111 1518 1311 1606 Transfigura-

271 1659 273 1664 -
313 1615 419 1694 tionis,
437 1611 566 1692 dicitur,
579 1610 641 1692 Qui
658 1609 833 1694 apparuisti
850 1607 998 1675 hodic.A
1009 1613 1176 1678 Dominica
1192 1615 1222 1678 in
1233 1615 1312 1679 Albis

312 1709 480 1787 inclusive,
494 1727 596 1793 nsque
609 1703 650 1770 ad
660 1703 889 1798 ascensionem
902 1706 1075 1784 exclusive,
1090 1718 1155 1774 tem
1168 1709 1201 1774 in
1213 1709 1312 1774 Officio

314 1803 355 1871 de
369 1807 537 1889 Tempore,
555 1797 708 1889 quamde
725 1798 849 1864 Sanctis
864 1799 1010 1886 (excepto
1027 1801 1138 1868 Officio
1158 1807 1196 1869 B.
1207 1803 1312 1883 Maria)

313 1921 440 1986 semper
454 1896 582 1979 dicitur,
608 1896 671 1978 Qui
686 1895 884 1960 surrexistis
908 1898 1054 1962 mortuis.
1072 1899 1108 1962 ln
1131 1900 1312 1966 Ascensione

314 1992 481 2083 usquead
518 2000 729 2060 Pentecosten
753 1991 926 2074 exclusive,
956 1991 1086 2070 dieitur,
1112 1996 1174 2078 Qni
1200 1992 1312 2060 scandis
1361 2061 1362 2078 ἶ

314 2112 411 2177 super
438 2086 556 2153 sidera.
583 2089 619 2151 Iu
640 2093 839 2168 Pentecoste,
868 2097 901 2151 et
923 2087 1047 2174 reliquo
1070 2090 1144 2152 anni
1170 2101 1310 2174 tempore,

316 2187 434 2252 tamin
458 2183 569 2248 Officio
592 2181 631 2246 de
654 2183 822 2267 Tempore,
847 2204 944 2268 quam
967 2182 1008 2246 de
1031 2183 1165 2268 Sanctis,
1190 2184 1309 2258 dieitur,

314 2281 378 2364 Qui
393 2277 484 2344 sedes
496 2274 536 2341 ad
560 2274 725 2340 dexteram
740 2275 853 2356 Patris,
872 2286 908 2340 nt
924 2277 956 2340 in
967 2278 1135 2344 Psalterio.

356 2377 399 2439 d.
414 2371 631 2458 Responsoria
644 2371 755 2435 brevia
770 2371 905 2435 aliarum
921 2373 1091 2458 Horarum,
1116 2395 1187 2461 qnae
1201 2392 1312 2458 ponun-

313 2481 366 2538 tur
381 2470 413 2533 in
437 2468 539 2554 prima
554 2466 721 2532 Dominica
736 2464 777 2528 dc
792 2465 956 2546 Adventu,
975 2467 1126 2534 dicuntur
1149 2491 1205 2555 per
1221 2479 1311 2532 toturn

312 2564 510 2646 Adventum,
533 2561 663 2650 quando
687 2561 722 2625 fit
741 2561 890 2626 Officium
912 2562 953 2627 de
978 2565 1147 2650 Tempore.
1173 2564 1313 2628 Similiter
1362 2641 1363 2646 ἵ

313 2683 384 2747 quae
400 2669 564 2746 ponuntur
575 2659 608 2722 in
619 2657 722 2743 prima
738 2657 906 2722 Dominica
920 2657 1192 2746 Quadragesimae,
1208 2658 1312 2722 dicun·
1362 2668 1363 2720 t

314 2768 366 2821 tur
387 2777 490 2844 nsque
515 2752 556 2819 ad
582 2752 781 2817 Dominicam
813 2754 970 2817 Passionis
997 2755 1171 2820 exclusive.
1194 2755 1231 2818 Et
1250 2773 1313 2838 quae

313 2859 478 2937 ponuntur
492 2848 525 2912 in
539 2846 707 2912 Dominica
722 2843 891 2928 Passionis,
916 2845 1068 2912 dicuntur
1090 2870 1191 2934 usque
1211 2845 1250 2912 ad
1264 2847 1313 2910 Fc-

311 2946 436 3012 riamV
452 2945 483 3007 in
507 2943 601 3008 Coena
623 2941 752 3007 Domini
780 2942 951 3009 exclusive.
978 2943 1147 3030 itemquae
1163 2952 1314 3029 ponuntur

312 3039 346 3103 in
357 3038 523 3104 Dominioa
535 3037 568 3102 in
583 3034 964 3123 ditissimarumque
978 3034 1019 3099 ad
1029 3035 1254 3102 Ascensioncm
1268 3055 1313 3097 ex·

312 3133 446 3200 olusive.
461 3132 540 3214 Qute
555 3151 632 3195 vero
648 3139 813 3216 ponuntur
828 3130 861 3194 in
876 3132 984 3217 aliquo
996 3133 1089 3198 Festo
1105 3133 1241 3196 habente
1262 3129 1314 3194 Oc·

312 3238 431 3306 tavam,
466 3224 617 3290 dicuntur
640 3245 698 3310 per
733 3233 831 3288 totam
861 3225 1027 3307 Octavam,
1057 3226 1248 3314 quando-fit
1278 3222 1313 3286 dc

312 3322 441 3387 Octava.
459 3321 496 3384 In
511 3320 623 3384 Officio
639 3329 748 3385 antem
762 3318 868 3386 Beetae
885 3322 1003 3401 Mariae,
1018 3333 1081 3388 tam
1098 3345 1215 3389 novem
1225 3341 1313 3410 quam

312 3416 409 3482 trium
433 3415 619 3480 Lectionum
639 3417 783 3502 (excepto
805 3419 897 3481 Festo
917 3416 1151 3504 Assumptionis
1166 3413 1315 3506 ejusdcm)

313 3507 464 3574 dicuntur
478 3530 606 3595 semper
625 3511 841 3596 Responsoria
862 3511 975 3580 brevia
996 3510 1037 3576 de
1066 3513 1232 3580 Communi
1247 3511 1313 3578 Vir-

313 3626 437 3692 gruum.

356 3697 387 3760 5.
413 3695 569 3783 Tempore
593 3701 750 3787 Paschali,
769 3702 966 3768 aDominica
991 3703 1023 3766 in
1043 3704 1164 3772 Octava
1182 3705 1311 3780 Pascha,

312 3813 413 3878 usque
436 3791 477 3856 ad
496 3794 672 3860 Sabbatum
689 3809 759 3882 post
782 3806 992 3865 Pentecosten
1020 3800 1187 3882 inclusive,
1205 3801 1235 3865 in
1257 3800 1312 3862 fine

312 3886 518 3969 Responsorii
533 3887 651 3971 brevis,
669 3904 742 3957 ante
759 3893 898 3979 primum
914 3893 1063 3977 Versum,
1084 3894 1235 3961 dicuntur
1255 3893 1311 3956 duo

313 3976 469 4066 Allehrja,
495 4003 566 4068 quae
582 3985 677 4049 etiam
694 3999 765 4072 post
779 3987 901 4052 dietum
921 3988 1060 4072 primum
1078 3990 1214 4056 Versum
1227 4009 1311 4073 repc-

314 4083 425 4140 tuntur
439 4097 498 4161 pro
509 4085 600 4161 parte
614 4079 841 4165 Responsorii3
866 4091 898 4147 et
920 4083 951 4146 in
967 4083 1032 4147 fine
1054 4083 1185 4148 secundi
1202 4084 1311 4150 Versus
