2754 4740
321 246 408 287 nrrus
431 245 620 287 ceurennum
645 245 768 287 russin.
994 227 1064 290 175

51 356 164 426 mento,
189 347 285 432 erigit
303 367 349 428 se,
373 358 405 412 et
419 347 568 410 manibus
594 347 731 410 extensis
757 346 831 410 hinc
858 345 934 410 inde
961 369 1058 436 super

51 443 142 503 altare
168 442 252 505 intra
268 441 440 527 Corporale
456 442 577 526 positis,
598 440 675 504 dicit
689 441 883 527 intelligibili
899 464 978 508 voce
993 447 1059 509 Per

50 539 147 598 omnia
169 537 281 600 sectile
305 537 500 618 seculorum,
518 545 550 600 et
575 557 648 600 cum
674 534 752 601 dicit
781 536 925 621 Ortinae,
948 540 1058 628 jungit

50 650 170 707 manus,
187 641 284 715 caput
300 631 506 694 Sacramento
533 629 702 692 inclinans.
730 630 810 694 Cum
834 632 945 718 incipit
959 636 1059 699 Pater

50 736 156 806 tracter,
175 724 319 790 extendit
340 747 465 803 manus,
489 737 521 789 et
535 736 621 789 stans
636 726 736 790 oculis
751 725 794 790 ad
814 728 1057 797 Sacramentum

51 819 185 897 intentis,
203 823 409 908 prosequitur
422 843 525 907 usque
547 818 589 884 ad
604 821 716 884 finem.
731 823 898 907 Responso
920 847 939 889 a
960 829 1058 894 mini-

50 923 107 978 stro
130 915 193 978 Sed
214 916 311 981 libera
324 937 380 980 nos
397 917 589 995 amolo,eta
605 915 788 980 celebrante
803 918 959 984 submissa
978 944 1057 988 rocc

51 1008 156 1086 Anien,
173 1031 272 1074 manu
287 1010 431 1093 dextera,
458 1012 573 1096 pollice
596 1020 628 1073 et
654 1008 759 1074 indice
785 1033 849 1075 non
876 1011 1057 1099 disjunctis,

51 1101 198 1167 Patenam
213 1105 447 1192 aliquantulum
462 1105 683 1170 Purificatorio
710 1117 893 1192 extergens,
917 1131 987 1174 cam
1002 1133 1057 1176 ac·

51 1197 120 1279 cipit
131 1199 216 1262 inter
231 1199 369 1266 indicem
382 1212 415 1265 ct
426 1200 707 1288 mediumdigitos‚
725 1222 821 1286 quam
833 1212 945 1268 tenens
960 1227 1058 1292 super

51 1289 141 1354 altare
165 1304 317 1366 erectam,
335 1296 462 1359 sinistra
481 1316 578 1380 super
597 1294 769 1378 Corporale
781 1296 895 1379 posita,
912 1295 991 1362 dicit
1005 1323 1059 1366 sc-

51 1395 130 1447 ereto
150 1408 157 1449 :
184 1388 375 1468 Libertinos,
393 1410 580 1474 quesumus,
607 1400 661 1453 etc.

91 1481 120 1542 l.
145 1482 329 1568 Antequam
344 1484 510 1548 celebrans
532 1482 618 1548 dicat
642 1483 682 1547 dc
695 1485 850 1568 propitius
859 1506 977 1567 paoem,
995 1491 1060 1553 ele·

52 1585 98 1637 vat
113 1596 211 1640 manu
226 1575 339 1642 dextra
353 1581 508 1643 Patenam
532 1576 572 1641 de
591 1578 695 1660 altari,
712 1586 745 1641 et
766 1578 907 1663 seipsum
922 1603 997 1646 cum
1021 1608 1059 1649 ea

52 1668 148 1754 signat
163 1671 256 1756 signo
273 1674 388 1755 crucis,
406 1671 516 1736 dicens
544 1673 584 1734 da
602 1675 759 1757 propitius
771 1694 878 1756 pacem
897 1677 931 1736 in
954 1677 1063 1744 diebos

53 1769 171 1828 nostris.
190 1765 271 1830 Cum
287 1769 391 1854 signat
406 1789 452 1845 se,
476 1789 607 1831 manum
621 1768 780 1831 sinistram
796 1770 886 1856 ponit
902 1770 984 1836 infra
1001 1793 1060 1857 pe·

53 1866 130 1921 etus:
157 1859 276 1924 deinde
291 1864 445 1926 Patenam
461 1864 562 1947 ipsam
578 1864 750 1941 osculatur,
764 1873 796 1926 et
811 1885 1007 1951 prosequens
1025 1881 1063 1932 ut

54 1957 404 2038 opemt'sericordioetooe,
415 1958 809 2038 etc.,suhmittitPatenam
820 1959 950 2041 Hostiae,
961 1983 1058 2047 quam

54 2045 151 2112 indice
168 2051 297 2114 sinistro
313 2049 535 2116 accommodat
562 2073 659 2136 super
682 2053 848 2130 Patenam,
866 2051 1060 2140 discooperit

54 2141 195 2227 Calicem,
213 2156 246 2209 et
260 2147 448 2233 genuflexus
462 2147 703 2210 Sacramentum
719 2144 848 2224 adorat;
866 2157 934 2212 tum
950 2170 984 2212 se
1000 2153 1059 2214 eri·

55 2256 135 2318 gens,
155 2240 273 2324 accipit
294 2240 438 2304 Hostiam
455 2241 539 2303 inter
554 2240 703 2326 pollicem
719 2249 751 2303 et
774 2238 913 2305 indicem
938 2242 1058 2310 dextrae

55 2350 169 2414 manue,
188 2345 308 2398 etcum
325 2334 399 2416 illis,
423 2356 461 2398 ac
483 2335 598 2419 pollice
620 2344 651 2398 et
667 2333 773 2397 indice
795 2336 930 2401 sinistrae
945 2361 1061 2404 manus

55 2445 117 2492 carn
139 2449 237 2514 super
252 2431 391 2494 Calicem
412 2441 534 2508 tenens,
561 2440 748 2496 reverenter
775 2430 894 2517 frangit
917 2453 976 2518 per
988 2457 1058 2499 me-

55 2517 146 2601 dium,
176 2521 287 2612 dicens
315 2525 381 2586 Per
411 2523 548 2587 eonium
575 2525 744 2586 Domr'num
774 2535 915 2588 nostrum
951 2529 1059 2594 Jesunr

56 2611 208 2681 Christum
221 2618 337 2682 Filium
362 2630 460 2700 tuum,
486 2628 518 2682 et
540 2615 680 2682 mediam
701 2628 835 2700 partem,
854 2640 951 2704 quam
975 2625 1059 2690 inter

56 2713 196 2792 pollicem
222 2725 254 2778 et
277 2714 417 2778 indicem
440 2714 561 2778 dextrae
583 2734 696 2775 manns
719 2723 823 2793 tenet,
849 2717 939 2798 ponit
963 2741 1068 2806 super⁴
1126 2719 1128 2722 ’

55 2806 220 2875 Pateriam:
239 2809 280 2872 de
291 2808 478 2889 aliamedia,
498 2830 595 2894 quam
611 2807 737 2871 sinistra
748 2829 845 2872 manu
862 2819 959 2894 tenet,
970 2815 1059 2878 fran-

29 2917 33 2930 ·
57 2902 96 2983 git
109 2923 181 2966 cum
197 2903 314 2988 pollice
330 2913 362 2966 et
377 2902 482 2966 indice
499 2902 619 2965 dextrae
635 2923 747 2966 manus
763 2905 965 2987 particulam,
982 2933 1059 2995 pro-

56 3015 183 3082 sequens
200 2999 255 3084 qui
270 3009 367 3061 tecum
381 3000 457 3062 uiuit
474 3009 501 3060 et
518 3008 637 3082 repent,
657 3009 726 3075 etc„
745 3008 776 3061 ct
790 3019 861 3062 cam
877 3000 961 3066 inter
975 3003 1066 3090 ipsos

57 3089 167 3156 dextrae
183 3115 296 3156 manus
311 3095 461 3178 pollicem
478 3104 509 3156 et
524 3090 664 3156 indicem
679 3093 833 3175 retinens,
851 3106 974 3178 partem
990 3121 1063 3164 me-

55 3184 163 3268 jurem,
181 3211 279 3275 quam
294 3189 421 3253 sinistra
436 3198 535 3269 tenet,
553 3186 702 3272 adjungit
723 3185 838 3251 mediae
853 3210 949 3275 super
964 3195 1058 3258 Patc-

58 3298 123 3344 nam
147 3285 273 3366 posite,
303 3283 433 3347 interim
454 3280 564 3346 dicens
587 3285 621 3346 tn
644 3285 761 3345 onitate
799 3282 937 3367 Spiritus
960 3294 1061 3354 saneti

58 3375 143 3460 Deus,
162 3389 194 3442 et
207 3379 399 3464 particulam
414 3379 544 3460 Hostiae,
564 3401 661 3464 quam
678 3379 710 3440 in
727 3376 840 3443 dextra
863 3402 960 3445 manu
983 3387 1066 3448 reti-³

58 3472 129 3551 nuit,
155 3483 268 3537 tenens
293 3495 390 3559 super
412 3474 562 3555 Calicem,
589 3495 684 3559 quem
711 3473 835 3538 sinistra
859 3498 916 3561 per
937 3477 1058 3541 nodum

58 3564 131 3633 inira
153 3590 291 3655 cuppam
306 3571 434 3651 retinet,
454 3569 648 3655 intelligibili
660 3589 742 3634 uoce
768 3567 846 3634 dicit
867 3572 933 3635 Per
955 3577 1059 3638 orinia

58 3661 158 3724 secula
168 3663 363 3728 seculorum.
374 3671 413 3744 pl.
426 3665 543 3746 Arnen3
559 3675 673 3728 etcum
685 3663 751 3749 ipsa
762 3666 919 3748 particula
929 3668 1068 3754 signans<

58 3761 99 3814 ter
114 3776 131 3817 a
144 3755 229 3820 labio
255 3757 296 3820 ad
316 3759 438 3822 labium
461 3758 587 3838 Calicis,
605 3758 682 3822 dicit
698 3759 771 3820 Pax
786 3761 915 3826 Domini
928 3767 968 3826 sit
983 3785 1067 3828 sent·-

57 3869 104 3929 per
116 3851 280 3916 vobiscum.
293 3855 460 3938 Responso
469 3875 527 3938 per
540 3855 722 3918 ministrum
736 3855 777 3916 Et
790 3877 858 3918 cum
868 3860 983 3941 spiritu
992 3871 1056 3941 tuo,

61 3945 248 4027 particulam,
263 3970 359 4034 quarn
384 3947 496 4012 dextra
520 3970 616 4012 mann
643 3957 742 4027 tenet,
768 3950 911 4015 immittit
925 3953 958 4016 in
974 3954 1058 4017 Cali-

60 4059 131 4118 cem,
148 4039 256 4107 dicens
272 4054 410 4108 secreto:
427 4045 500 4107 Hoec
514 4046 687 4108 commixtio
703 4055 731 4107 et
742 4050 926 4110 cortsecratt'o
940 4047 1058 4132 Corpo-

61 4136 109 4211 ris,
127 4145 178 4200 etc.
195 4136 320 4202 Deinde
335 4139 466 4223 pollices
478 4149 510 4202 et
525 4137 646 4203 indices
661 4139 903 4223 supchalicem
916 4144 1065 4228 aliquan·-
