2806 4736
364 239 544 282 uruonrrun
575 238 767 281 acarnanum.
1010 207 1072 274 117

64 371 119 412 nus
135 349 243 436 ignem
265 343 314 408 sui
342 343 472 425 amoris,
501 352 534 407 ct
554 342 716 406 flammam
742 347 867 403 aterno
896 333 1071 402 charitatis.

63 444 210 604 Anzan&
227 537 325 600 Orate
341 531 471 595 fratres:
490 541 526 593 ut
541 551 648 593 mcum
665 550 702 592 ac
718 534 860 591 vestrum
885 499 1074 590 sacrificium

66 633 259 719 acceptabile
273 631 329 694 fiat
344 625 429 712 apud
444 628 548 688 Duum
561 627 691 689 Patrem
709 621 974 706 omnipotentem.

109 731 151 793 M.
166 727 324 811 suscipiat
338 723 493 788 Dominus
505 719 696 784 sacrificium
710 716 750 780 dc
767 716 915 779 manibus
931 715 995 778 tuis
1016 715 1077 800 (val

65 825 152 908 meis)
169 819 208 886 ad
225 817 354 884 laudem
371 828 402 882 ct
417 816 553 902 gloriam
569 813 710 878 nominis
749 811 809 889 sui,
839 808 878 872 ad
905 809 1075 875 utilitatem

67 939 194 1006 quoque
211 925 366 994 nostram,
381 912 542 996 totiusque
555 908 704 972 Ecclesiae
721 925 785 968 suae
797 913 926 968 sanctae.

108 1010 323 1170 1118111111
337 1101 482 1180 Sanctus,
501 1101 648 1181 Sanctus,
663 1098 809 1174 SanctuS,
821 1098 976 1159 Dominus
993 1099 1078 1162 Deos

69 1200 219 1265 Sabaoth.
234 1195 326 1261 Pleni
343 1205 416 1260 suut
431 1196 501 1260 coeli
518 1206 550 1260 ct
563 1205 648 1259 tcrrn
664 1193 766 1279 gloria
782 1201 849 1255 tua.
878 1193 1026 1255 Hosanna
1045 1192 1077 1255 iu
1173 1233 1177 1248 .

68 1294 211 1360 excelsis.
224 1288 420 1356 Benedictus
430 1292 484 1376 qui
501 1289 638 1356 venitin
654 1287 784 1351 nomine
798 1285 939 1350 Domini.
956 1287 1077 1350 Hosan·

68 1393 151 1454 nain
169 1387 315 1452 excelsis.

108 1485 162 1546 11.
189 1483 222 1546 S.
240 1482 334 1544 Initio
348 1477 484 1544 Cononis
495 1504 504 1542 :
515 1481 557 1544 Te
573 1479 689 1566 igitur,
706 1474 954 1541 clementissima
969 1478 1075 1560 Pater,

69 1600 123 1662 pcr
152 1579 263 1642 lesum
280 1574 441 1640 Christum
470 1575 588 1639 Filium
614 1585 705 1638 tuum
730 1572 904 1636 Dominum
930 1582 1077 1637 nostrum

67 1673 225 1758 supplices
250 1692 399 1758 rogamus
426 1693 464 1734 ac
492 1671 643 1756 petimus,
668 1668 715 1733 uti
739 1677 870 1753 accepta
896 1666 1027 1751 habeas,
1047 1677 1079 1731 ct

67 1764 248 1844 benedicas,
273 1766 341 1830 haec
356 1763 452 1847 dona,
471 1776 534 1830 cto.

108 1860 163 1928 15.
177 1860 210 1922 S.
226 1859 393 1944 Supplices
410 1870 441 1924 tc
457 1881 620 1947 rogamus,
646 1861 849 1946 omnipotens
863 1860 968 1949 Deus:
994 1861 1078 1949 jube

69 1953 131 2017 lraec
143 1954 281 2039 perferri
295 1974 353 2038 pcr
367 1945 480 2018 manus
496 1955 597 2020 salicti
612 1952 729 2042 Angcli
741 1955 788 2019 tui
803 1955 836 2018 in
848 1954 985 2020 sublime
1002 1959 1078 2020 alta·

69 2070 100 2111 re
115 2060 221 2130 tuum,
236 2049 268 2111 in
285 2060 459 2134 conspectu
474 2049 592 2115 divinae
618 2049 793 2136 Majcstatis
820 2060 905 2115 tuae:
932 2061 966 2114 ut
987 2061 1078 2137 quot·

68 2153 153 2229 quot,
168 2163 208 2206 cx
219 2143 279 2206 hac
294 2143 401 2207 altaris
416 2145 672 2230 participatione,
683 2154 920 2208 sacrosanctum
932 2145 1004 2208 Filii
1018 2145 1075 2227 tui,

69 2237 199 2323 Corpus,
223 2247 255 2302 et
272 2239 468 2324 Sanguinem
480 2241 724 2326 sumpserimus,
741 2241 829 2304 omui
852 2239 1077 2306 benedictione

69 2333 196 2414 coelesti,
214 2343 246 2396 et
261 2335 363 2420 gratia
378 2337 575 2420 repleamur.
592 2338 655 2400 Per
668 2334 832 2412 cumdem,
846 2345 909 2399 otc.

107 2428 163 2491 11.
181 2428 214 2490 S.
234 2438 264 2492 et
290 2429 334 2492 M.
365 2427 476 2516 Agnus
502 2429 573 2503 Dei,
601 2430 655 2518 qui
680 2431 764 2493 tollis
793 2438 923 2512 peccata
949 2427 1073 2512 mundi,

68 2522 219 2586 mise'rcre
231 2522 336 2586 uobis.
349 2522 462 2612 Agnus
476 2525 546 2608 Dei,
562 2527 617 2612 qui
634 2526 718 2589 tollis
732 2534 862 2610 peccata
874 2523 998 2608 mundi,
1014 2526 1077 2589 mi·

69 2637 173 2680 serere
188 2618 293 2682 uobis.
318 2617 430 2707 Agnus
444 2623 516 2704 Dci,
534 2621 590 2707 qui
607 2622 691 2686 tollis
706 2629 835 2706 peccata
853 2618 977 2698 mundi,
990 2618 1073 2683 dona

69 2711 159 2776 nobis
175 2733 300 2797 pacem.

106 2808 145 2870 In
162 2809 267 2871 Missis
285 2829 344 2892 pro
364 2809 524 2896 Basanitis
549 2820 613 2877 toco
638 2811 791 2874 miscrerc
823 2809 914 2872 nobis
938 2809 1074 2874 dicitnr:

69 2897 148 2965 dona
166 2903 212 2966 eis
228 2905 385 2990 requiem,
398 2918 426 2970 et
438 2910 470 2971 in
486 2913 575 2974 tertio
591 2909 729 2986 oalditnr,
747 2906 990 2990 sempiternam.

107 2997 163 3061 15.
181 2998 214 3061 S.
227 2997 391 3065 Orationes
406 3015 477 3066 anta
489 3003 824 3088 Commvnnioncmnnoe
834 3000 996 3066 recitanda
1004 3013 1077 3065 rant

8 3177 9 3186 .
68 3093 193 3156 intentis
209 3093 250 3156 ad
260 3095 318 3159 SS.
335 3097 567 3165 Sacramentum
581 3101 692 3166 cantis.
703 3096 838 3161 Domiuc
850 3097 869 3160 J
872 3119 927 3160 esu
940 3097 1075 3178 Christe,

8 3195 9 3200 ’
68 3187 119 3271 qui
141 3185 249 3252 dixisti
265 3190 426 3274 Apostolis
438 3195 521 3260 tuis:
538 3199 656 3262 Pacem
671 3193 820 3278 relinquo
833 3191 936 3270 vobis,
964 3185 1078 3278 pacem

68 3300 171 3346 meam
186 3282 229 3347 do
245 3285 367 3350 vobisz'
385 3311 437 3373 ne·
451 3293 603 3377 respicias
628 3297 757 3376 peccata
787 3308 869 3365 mea,
898 3285 954 3350 scd
980 3284 1077 3350 fidem

68 3377 213 3443 Ecclesiae
230 3389 309 3444 ture:
327 3404 463 3470 eamque
479 3385 657 3450 secundum
671 3384 871 3449 voluntatem
889 3390 975 3444 tuam
993 3371 1089 3464 paci·'
1178 3417 1180 3420 >

68 3469 173 3550 ficare,
186 3483 218 3538 ct
229 3474 410 3541 coadunare
424 3476 578 3567 dignaris.
609 3477 671 3554 Qui
695 3476 777 3542 rivis
793 3485 828 3538 et
849 3496 964 3561 regnas
978 3476 1074 3557 licus,

8 3597 9 3658 3
69 3586 123 3647 per
133 3567 242 3635 omnia
253 3575 367 3636 saecula
379 3576 578 3640 saeculorum.
600 3575 716 3639 Amen.

8 3661 9 3738 1
111 3663 144 3725 S.
160 3663 199 3726 Si
210 3663 313 3729 danda
329 3679 373 3731 ast
382 3689 457 3751 pax.
476 3671 542 3734 Pax
555 3682 672 3736 tecum.

8 3835 9 3838 ¹
109 3757 152 3820 M.
170 3759 209 3821 Et
224 3779 299 3824 cum
314 3763 430 3847 spiritu
444 3774 513 3828 tuo.

109 3852 143 3916 S.
159 3853 296 3919 Domine
311 3858 387 3922 lesu
404 3859 540 3943 Christo,
554 3861 613 3925 Fili
630 3861 689 3924 Dei
718 3861 795 3940 vivi,
823 3859 878 3944 qui
896 3881 934 3924 ex
961 3860 1075 3926 volun-

71 3953 130 4011 tate
143 3949 259 4031 PatriS,
273 3965 468 4038 cooperante
485 3956 605 4038 Spiritu
621 3965 742 4036 sancto,
762 3977 818 4040 per
834 3965 970 4021 mortem
988 3964 1073 4020 tuam

70 4041 223 4105 muudum
252 4045 438 4113 vivificasti:
467 4049 577 4112 libcra
602 4071 654 4112 mc
684 4049 818 4134 perhoc
837 4058 1073 4114 sacrosanctum

70 4131 201 4220 Corpus,
219 4145 251 4202 ct
268 4141 463 4230 Sanguinem
480 4154 582 4224 tuum,
610 4135 651 4208 ali
675 4143 823 4208 omuibus
851 4143 1073 4231 iniquitatibus
