2754 4740
294 227 338 290 58
598 289 601 298 Ι
628 267 632 280 ,
712 225 903 278 oumsmonas

340 349 537 413 Ceterorum
561 358 638 424 ergo
669 332 813 398 omnium
843 328 1030 392 officiorum
1054 328 1309 391 concurrentium

298 461 365 514 tam
380 445 484 509 active
501 459 597 526 qnam
614 434 739 520 passive
756 447 931 513 numquam
945 426 1103 490 omittitur
1115 426 1311 490 Commemo-

297 545 380 608 ratio
390 565 398 622 ;
419 533 686 622 numquamitem
702 527 867 591 Feriarum
885 520 1054 586 Adventus
1071 533 1103 585 et
1125 519 1309 606 Quadrage-

297 641 398 717 simae,
413 645 448 698 ut
465 630 659 706 dictumest,
673 631 784 710 quaest.
807 618 861 695 59,
884 618 916 680 5.

189 750 192 762 '
341 737 461 816 Quaest.
480 731 534 792 6⁴.
552 722 710 806 Euamplis
729 718 852 783 ostende
875 714 957 800 quod
973 725 1115 776 tentatum
1127 713 1190 798 fuit
1206 725 1308 799 quaest.

243 736 344 976 (D,
370 827 508 892 uidelicet
534 819 647 909 Officia
678 837 746 902 quoe
765 818 823 896 jus
846 811 956 875 haberet
979 810 1019 871 ad
1044 807 1311 872 Cotnrnemorota'o-

295 949 376 1003 nem,
401 933 536 1007 spectato
565 917 631 980 solo
659 909 881 989 Occurrentia,
905 927 994 988 posse
1010 906 1095 968 istud
1123 907 1264 967 omittere
1280 905 1306 965 ol

297 1018 574 1085 Concurrentiam.

257 1120 260 1128 ’
340 1117 381 1180 R.
413 1115 483 1177 Sint
508 1104 674 1193 sequentia
698 1100 863 1182 exempla·
891 1096 924 1160 Si
953 1105 1122 1157 occurrant
1152 1095 1309 1158 Dominiea

296 1207 475 1272 eommunis
499 1213 531 1266 et
554 1196 684 1284 aliquod
700 1194 826 1278 Duplex
843 1191 958 1266 minus,
981 1188 1128 1252 Officium
1144 1188 1178 1252 lit
1193 1187 1234 1252 de
1251 1191 1309 1252 Du-

299 1303 374 1387 plici
391 1322 464 1365 cum
481 1288 792 1366 Commemoratione
814 1284 986 1348 Dominioae
1002 1281 1099 1344 etiarn
1112 1283 1143 1344 in
1170 1282 1309 1346 secundis

298 1398 470 1480 Vesperis3
487 1412 558 1477 quae
582 1389 607 1451 si
628 1392 820 1450 concurrant
843 1401 915 1444 oum
940 1378 1067 1462 Duplici
1091 1378 1181 1456 act,
1195 1380 1309 1441 amittet

300 1488 469 1552 Dominiea
487 1486 542 1570 jus
566 1479 606 1545 ad
628 1475 993 1554 Commemorationcm;
1019 1473 1095 1557 quia
1120 1474 1230 1556 primae
1253 1475 1308 1539 Ve-

298 1603 398 1666 spcrae
413 1577 592 1663 Duplicisll
612 1575 653 1637 cl.
673 1569 826 1654 rejiciunt
841 1566 1186 1632 Commemorationem
1203 1589 1308 1649 praco-

299 1674 404 1739 dontis
419 1671 607 1737 Dominioae.

344 1772 377 1835 Si
393 1774 564 1833 occurrant
579 1761 694 1826 eodem
718 1757 770 1821 dio
798 1758 924 1840 Duplex
946 1764 978 1817 et
997 1755 1152 1838 Simplex,
1171 1754 1265 1840 hujus
1281 1755 1307 1817 lit

299 1860 566 1932 Commemeratio
582 1859 615 1921 in
632 1853 743 1939 primis
754 1851 905 1935 Vesperis
921 1848 1081 1932 Duplicis;
1105 1859 1153 1912 ast
1176 1849 1308 1932 Simplex

301 1961 426 2024 amittet
437 1955 492 2041 jus
509 1950 550 2017 ad
565 1945 923 2024 Commemorationem,
943 1943 968 2005 si
985 1941 1037 2006 die
1055 1942 1247 2028 praecedenti
1261 1965 1307 2006 oc·

299 2062 407 2118 currat
422 2051 549 2134 Duplex
572 2048 589 2108 l
616 2047 672 2123 cl.,
689 2041 781 2126 cujus
809 2037 957 2104 secundae
985 2039 1136 2123 Vesperae
1159 2038 1307 2122 repellunt

254 2135 463 2322 Qlicis
479 2137 837 2206 Commemorationom.
856 2132 922 2196 Cir.
940 2143 1052 2218 quaest.
1072 2131 1263 2216 praecedens.

396 2249 463 2303 aest.
482 2238 536 2300 65.
557 2234 637 2299 Cunt
654 2237 749 2318 juxta
776 2230 926 2294 autricus
950 2231 986 2291 de
1013 2231 1115 2291 eodem
1139 2231 1247 2292 Sancto
1267 2226 1306 2288 ool

300 2337 447 2420 rnysterio
470 2333 516 2396 tis
556 2331 627 2414 fieri
653 2327 907 2391 Commemoratio
937 2325 1149 2408 prohibeatur,
1170 2322 1306 2409 quomodo

300 2429 484 2495 ordinandos
500 2437 590 2490 erunt
614 2425 646 2486 V
646 2443 768 2505 esperoe,
789 2424 817 2483 si
842 2420 902 2482 duo
920 2417 1029 2504 Officio
1059 2440 1089 2480 o.
1107 2441 1140 2502 9.
1158 2420 1195 2478 B.
1212 2418 1252 2477 M.
1270 2415 1306 2476 V.

305 2520 523 2588 concurrant?

342 2621 384 2681 R.
402 2618 553 2701 Vespera
567 2614 644 2675 fient
659 2612 792 2697 integrae
809 2607 848 2672 de
872 2611 925 2671 illo
941 2607 1054 2671 Officio
1078 2605 1167 2692 quod
1181 2607 1213 2668 in
1231 2603 1305 2667 Con-

301 2712 463 2777 currentia
490 2708 671 2794 praefertur,
690 2706 812 2791 absque
834 2702 1145 2768 Commemoratione
1175 2699 1303 2763 alterius.

301 2809 338 2870 ln
351 2803 581 2869 Concurrentia
597 2823 674 2865 vero
691 2800 874 2887 aequalium,
897 2800 1048 2883 Vesperae
1065 2818 1129 2860 non
1146 2792 1304 2859 dimidian-

221 2910 223 2914 ’
303 2913 354 2964 tur
369 2898 426 2964 sed
443 2901 575 2984 integrae
594 2897 771 2961 recitantur
786 2893 826 2956 de
852 2889 1060 2979 praecedenti,
1079 2891 1198 2977 absque
1214 2889 1303 2952 Com-

302 2995 533 3056 memoratione
559 2992 734 3076 sequentis.
765 2990 806 3053 V.
839 3013 871 3076 g.
895 2989 921 3052 si
944 2998 1117 3058 concurrat
1143 2985 1210 3048 dies
1231 2982 1303 3044 inlra

303 3089 457 3151 Octavam
473 3087 653 3150 Natiuitatis
679 3088 719 3149 B.
752 3086 795 3146 M.
822 3085 863 3150 V.
892 3104 963 3147 cum
986 3082 1080 3146 Festo
1102 3083 1159 3144 SS.
1176 3073 1304 3142 Nominis

303 3183 342 3244 B.
356 3181 399 3243 M.
413 3181 606 3264 V.,Duplex
629 3179 744 3265 majus,
754 3180 905 3264 Vesperae
926 3188 999 3240 sunt
1025 3175 1065 3239 de
1093 3173 1233 3261 sequenti
1244 3167 1304 3231 abs·

303 3296 366 3361 que
391 3272 602 3359 precedentis
620 3272 944 3337 Commemoratione.

347 3373 393 3433 De
412 3368 524 3433 ordine
552 3366 710 3434 servando
735 3370 818 3432 inter
848 3370 956 3452 plures
978 3363 1299 3433 Commemorationes,

305 3462 497 3546 dictumest,
515 3473 627 3551 quaest.
647 3465 700 3527 44.
940 3532 947 3548 .

347 3561 393 3622 En
409 3559 567 3643 principia
590 3561 790 3646 generaliora
811 3559 852 3622 de
883 3557 1134 3638 Concurrentia3
1163 3573 1216 3639 pro
1240 3546 1300 3610 aliis

303 3653 429 3717 casibus
443 3654 813 3720 consulanturauctorcs.
832 3658 878 3718 De
891 3653 1124 3719 Concurrentia
1139 3655 1244 3715 tractat
1259 3643 1299 3703 De

305 3745 420 3835 Herdt‚
435 3747 523 3809 Part.
540 3747 597 3829 lv,
611 3771 644 3812 n.
664 3751 718 3813 4⁸2.
