2754 4740
324 196 387 258 178
606 213 695 256 amos
716 210 905 258 cunensium
928 209 1051 252 nassau.

321 328 394 384 ante
407 337 461 382 eos
477 315 623 380 extendit
637 317 786 392 linteum,
811 335 868 377 seu
892 313 1007 378 Velum
1031 309 1152 385 album,
1170 319 1201 374 et
1216 333 1270 397 pro
1282 312 1321 376 eis
1362 343 1363 348 κ

320 414 397 478 lacit
412 411 663 491 Confessionem,
679 409 809 473 dicens:
825 405 981 489 Confiteor
992 407 1068 482 Dee,
1079 405 1222 468 elafium
1232 428 1322 470 saeer-

320 504 378 572 dos
398 506 516 570 iterum
531 504 730 590 genuflectit,
751 513 782 566 et
800 501 947 565 manibus
958 499 1079 584 junctis
1096 511 1222 563 vertens
1239 523 1270 564 se
1284 500 1317 564 ad

320 602 476 684 populum
492 599 524 662 in
537 619 637 662 cornu
648 597 827 683 Evangelii,
839 594 917 658 dicit
932 617 939 657 :
958 596 1140 657 Misereatnr
1158 599 1258 673 nestri,
1274 606 1318 658 et:

319 693 561 780 Indulyentiem,
571 692 790 756 absolutionem
804 702 831 754 et
842 691 1051 753 remissionem
1059 699 1252 772 peecatorum
1269 710 1320 752 oes-

320 801 452 867 trorum,
481 800 550 865 ete,
569 799 602 851 et
621 806 718 849 manu
734 785 847 847 dextra
867 782 943 846 facit
959 782 1085 868 signum
1109 783 1213 845 crucis
1237 804 1321 867 super

321 904 386 947 eos.
404 877 518 948 Postea
535 882 766 968 genuflectens,
789 879 904 963 accipit
926 898 1023 940 manu
1043 877 1170 940 sinistra
1185 876 1321 963 pyxidem

319 998 375 1041 scu
390 978 545 1042 Patenam
567 997 641 1039 eum
658 976 878 1054 Sacramenta,
897 972 1010 1036 dextra
1026 994 1102 1036 vero
1119 972 1216 1035 sumit
1238 994 1323 1034 unam

320 1071 522 1154 particulam,
554 1091 650 1156 quam
668 1070 752 1132 inter
776 1068 926 1153 pollicem
955 1077 987 1129 et
1013 1065 1152 1130 indicem
1173 1077 1261 1131 tenet
1273 1067 1321 1129 ali·
1363 1131 1364 1170 ,

320 1165 511 1248 quantulum
527 1164 684 1226 elevatam
698 1183 794 1247 super
805 1158 955 1246 pyxidem
968 1181 1024 1224 seu
1039 1161 1207 1243 Patenam,
1221 1171 1322 1224 eleon·

321 1279 431 1322 versus
446 1256 487 1321 nd
506 1255 790 1322 communicandos
813 1257 845 1319 in
862 1254 970 1320 medio
996 1257 1103 1319 altaris
1130 1254 1236 1318 dicit:
1259 1256 1326 1317 Eece

322 1353 433 1439 Apama
444 1355 513 1436 Dei,
532 1376 594 1416 eece
605 1356 661 1439 qui
671 1353 751 1416 tollit
759 1364 882 1436 peccota
897 1353 1019 1432 mundi,
1037 1349 1156 1414 deinde
1168 1348 1247 1414 dieit
1257 1372 1264 1413 :
1274 1351 1323 1413 Do·

320 1450 413 1526 enine,
431 1469 493 1511 non
521 1471 590 1512 siim
607 1449 721 1532 dipnus
745 1460 779 1510 ut
809 1450 904 1511 intres
931 1447 986 1510 sub
1017 1458 1127 1510 tectum
1152 1443 1326 1524 meum‚sed

322 1553 441 1605 tantum
456 1543 504 1606 die
521 1543 621 1625 verbo,
640 1554 667 1606 et
682 1543 845 1607 sonabitur
859 1544 964 1605 animo
983 1563 1061 1604 meo.
1087 1541 1215 1621 Quibus
1232 1539 1330 1602 verbis

321 1637 415 1700 tertio
432 1639 589 1722 repetitis,
605 1635 730 1701 aceedit
745 1636 788 1701 ad·
806 1658 917 1701 eorum
935 1635 1112 1714 dexteram,
1131 1636 1194 1699 hoe
1211 1643 1268 1714 est,
1291 1630 1325 1694 ad

321 1732 404 1795 latus
419 1732 579 1816 Epistola,
597 1744 630 1796 et
654 1733 830 1818 unicuique
851 1732 986 1818 porrigit
1002 1733 1260 1806 Sacramentum,
1284 1729 1298 1790 i
1314 1763 1325 1774 -

321 1825 408 1888 ciens
425 1846 498 1890 eum
515 1849 553 1890 eo
565 1829 690 1912 signum
702 1828 804 1892 erucis
816 1848 913 1911 super
925 1824 1088 1913 pyxidem,
1104 1827 1156 1888 vel
1168 1827 1325 1900 Patenam,

322 1929 353 1982 et
368 1920 463 1984 simul
480 1919 608 1985 dicens:
624 1920 745 2006 Corpus
762 1923 888 1984 Domini
899 1924 1000 1984 nostri
1009 1923 1085 1984 Jesn
1099 1920 1222 1984 Christi
1236 1926 1325 1980 eusto-

321 2010 536 2077 diotonimom
561 2027 646 2078 tuom
668 2019 701 2078 in
731 2019 824 2078 vitam
851 2025 1008 2077 eternam.
1037 2015 1149 2076 Amen.
1179 2011 1327 2076 Omnibus
1364 2005 1365 2080 Ῐ

322 2109 576 2190 communicatis,
595 2110 768 2174 revertitur
784 2108 823 2172 ad
841 2111 952 2191 altare,
978 2109 1058 2172 nihil
1074 2107 1185 2171 dicens
1201 2131 1208 2170 ε
1227 2116 1258 2168 et
1272 2124 1326 2166 nen

322 2199 377 2264 dat
393 2203 439 2266 eis
457 2204 728 2287 benedictionem,
754 2208 829 2290 qnia
860 2206 947 2270 illam
974 2203 1106 2268 daturus
1136 2215 1185 2268 est
1212 2205 1245 2267 in
1273 2202 1328 2264 fine

323 2296 435 2378 Missae.
456 2299 489 2363 Si
502 2301 667 2383 particulae
682 2303 790 2386 positae
814 2310 904 2364 erant
919 2322 1016 2385 super
1030 2299 1215 2384 Corporale,
1233 2307 1327 2360 exter·

322 2392 368 2476 git
384 2391 465 2456 illud
477 2415 550 2457 eum
566 2397 698 2475 Patena,
713 2407 745 2459 et
759 2396 783 2458 si
805 2417 876 2481 quas
893 2397 924 2458 in
948 2418 986 2458 eo
1002 2395 1121 2458 fuerint
1143 2394 1326 2480 fragmenta,

322 2485 355 2547 in
368 2486 506 2551 Calicem
523 2490 676 2553 immittit.
695 2488 818 2553 Deinde
831 2489 910 2555 dicit
925 2500 1048 2554 secreto
1060 2512 1068 2552 t
1082 2489 1173 2568 Quod
1190 2510 1241 2552 ore
1252 2508 1327 2552 solu·

318 2582 451 2661 paimns,
464 2583 605 2659 Domine,
620 2595 766 2662 ete.,etse
783 2586 941 2668 purificat,
954 2582 1082 2648 dicens:
1098 2582 1222 2666 Corpus
1239 2594 1327 2656 tanin,

322 2673 463 2756 Domine,
481 2677 563 2761 quod
577 2682 708 2762 sumpsi,
720 2692 788 2755 ete,
801 2690 832 2742 et
849 2680 909 2743 alia
925 2679 1002 2742 facit
1016 2688 1178 2762 utsupra:
1195 2677 1328 2740 Minister

323 2778 431 2832 autem
452 2769 564 2835 dextra
577 2793 674 2836 mann
689 2783 802 2836 tenens
814 2795 869 2838 vas
881 2794 954 2837 eum
971 2773 1046 2838 vino
1058 2782 1090 2834 et
1101 2791 1197 2856 aqua,
1212 2769 1327 2833 sinistra
1365 2839 1366 2856 χ

323 2883 401 2927 vero
429 2866 625 2951 Mappulam,
649 2870 814 2954 aliquanto
828 2879 900 2954 post
924 2864 1124 2932 sacerdotem
1140 2868 1187 2930 eis
1203 2862 1328 2951 porrigit
1365 2865 1366 2934 l

323 2959 591 3044 purificationem,
610 2963 889 3048 etMappulamad
911 2985 944 3027 os
960 2960 1224 3048 abstergendum.

368 3053 400 3114 7.
426 3054 459 3118 Si
483 3056 516 3118 in
532 3059 623 3120 altari
643 3070 831 3122 remaneant
845 3059 1008 3144 particula
1023 3058 1054 3119 in
1079 3057 1197 3133 Caliee,
1223 3076 1279 3118 seu
1301 3055 1327 3114 in

324 3146 387 3210 alio
402 3169 476 3212 vase
492 3171 593 3236 usque
617 3150 776 3216 adfinem
804 3145 917 3231 Missae',
941 3162 1109 3217 serventur
1136 3173 1184 3231 ea,
1203 3171 1274 3236 qua
1299 3148 1327 3209 in

323 3241 403 3304 feria
433 3243 543 3328 quinta
575 3243 681 3309 Coenae
697 3247 824 3310 Domini
849 3244 1099 3331 praescribuntur
1129 3243 1215 3307 circa
1240 3241 1328 3304 finem

324 3334 438 3400 Missa.

369 3430 401 3493 8.
424 3432 462 3496 In
478 3435 570 3498 Missa
584 3437 717 3500 solemni
730 3435 884 3500 diaeonus
895 3446 980 3498 stans
992 3444 1077 3497 retro
1091 3443 1162 3517 post
1174 3430 1328 3496 celebran-

325 3533 401 3603 tem,
417 3547 490 3589 cum
503 3528 535 3590 in
552 3529 704 3594 Oratione
724 3530 890 3593 Dominiea
912 3527 1031 3593 dicitur
1051 3529 1092 3590 Et
1116 3527 1236 3590 dimitto
1250 3521 1328 3586 nobie

325 3618 424 3682 debita
436 3625 644 3702 riostrn,iaeta
656 3622 777 3688 ibidem
791 3621 1125 3710 genuflexione,vadit
1137 3622 1178 3685 ad
1190 3621 1328 3685 dextram

325 3712 526 3799 celebrantis,
545 3729 576 3781 et
593 3716 809 3782 subdiaconus
825 3720 909 3783 eirca
932 3719 1028 3781 finem
1044 3717 1205 3781 Orationis
1227 3713 1328 3779 Domi·

326 3805 415 3881 nica,
431 3807 513 3872 faeta
530 3810 640 3874 itidem
652 3812 899 3897 genuflectione,
915 3813 1090 3894 revertitur
1111 3811 1152 3876 ad
1165 3815 1276 3892 altare,
1301 3816 1328 3868 et

324 3909 409 3963 stans
426 3902 457 3964 in
473 3925 573 3970 cornu
592 3907 752 3992 Epistolae,
778 3908 914 3994 porrigit
936 3909 1089 3972 Patenam
1112 3906 1261 3982 diacono,
1277 3901 1326 3990 qui

326 4013 396 4056 eam
419 3991 611 4082 discooperit
623 4023 632 4081 ;
663 4010 694 4063 et
724 4001 944 4066 Purificatorio
960 4002 1146 4088 abstergens
1172 4000 1227 4063 dat
1251 3999 1331 4063 eele-

323 4089 442 4174 hranti,
456 4091 541 4156 illius
557 4115 686 4158 manum
700 4096 886 4174 osculando,
905 4107 937 4159 et
952 4095 1082 4184 quando
1098 4117 1178 4182 opus
1194 4105 1253 4177 est,
1269 4091 1330 4156 dis·
