2750 4738
325 247 387 318 158
748 277 892 322 unsarana

323 550 432 628 Vlll.
466 551 520 629 De
549 548 721 640 latraila,
749 549 878 736 Kyrle'
888 553 1037 643 eleison,
1070 563 1104 629 al
1135 551 1276 638 Gloria
1303 557 1337 628 a'a

740 681 827 736 anae
843 683 909 736 sas.

365 919 397 984 1.
422 918 573 984 introitus
588 938 715 1003 sempor
731 915 844 981 oodom
861 915 957 982 modo
973 916 1091 984 dioilur
1117 943 1192 988 eum
1228 921 1337 988 Gloria

320 1015 426 1097 Patri,
445 1025 480 1079 ul
495 1015 527 1078 in
542 1012 726 1093 Ordinario,
751 1023 962 1101 proelarquam
979 1017 1136 1102 Tempore
1159 1018 1335 1100 Passionis,

321 1120 353 1175 ol
367 1110 400 1174 in
416 1110 516 1174 Missis
530 1110 774 1191 Dalunolorum,
795 1118 832 1172 ul
843 1108 938 1172 aliam
954 1109 999 1174 ibi
1015 1120 1204 1176 annotatum
1231 1121 1293 1176 ost.

365 1208 397 1270 1.
421 1209 517 1294 llyrie
532 1205 644 1270 eleison
659 1204 777 1272 dicitur
792 1207 901 1270 novies
913 1216 984 1292 post
995 1207 1179 1288 introilum,
1198 1211 1337 1274 alterna·

321 1302 376 1367 lim
396 1322 469 1365 cum
486 1301 643 1383 ministro,
661 1299 693 1363 id
707 1310 765 1382 ost,
791 1310 839 1364 lor
861 1301 957 1385 llyria
982 1300 1106 1383 eleison,
1131 1311 1181 1366 tor
1213 1299 1335 1366 carna

319 1395 443 1473 eleison,
461 1404 510 1459 lor
523 1397 619 1481 Kyrie
634 1394 758 1458 eleison.

292 1509 294 1516 ·
363 1490 395 1556 5.
423 1488 530 1554 Gloria
553 1493 587 1554 ia
609 1489 732 1553 excelsis
751 1486 869 1554 dicitur
886 1487 1156 1577 quandocumque
1175 1490 1209 1554 in
1236 1491 1333 1554 Malu-

319 1585 386 1648 lino
401 1582 504 1648 dictus
530 1594 576 1648 ast
598 1584 741 1670 Hymnus
759 1585 799 1648 Ta
814 1586 925 1664 Deam,
945 1593 1156 1671 praeterquam
1180 1585 1216 1648 in
1242 1585 1333 1648 Missa

318 1679 417 1744 Fariae
430 1680 549 1766 quintae
562 1679 593 1742 in
606 1678 700 1743 cona
712 1679 852 1760 Domini,
864 1689 894 1743 el
907 1677 1038 1742 Sabbati
1049 1678 1161 1759 sancti,
1170 1679 1203 1742 in
1217 1679 1334 1767 quibus

321 1775 429 1841 Gloria
444 1778 476 1838 ia
489 1774 612 1839 excelsis
628 1772 756 1858 dicitur,
773 1774 920 1862 quamuis
951 1775 981 1837 in
1007 1773 1118 1838 Officio
1132 1795 1198 1839 non
1215 1777 1259 1839 sil
1272 1774 1333 1838 dic·

318 1880 384 1935 lum
406 1871 446 1936 Ta
461 1872 574 1934 Doara.

361 1966 393 2028 4.
418 1966 454 2029 ln
472 1965 573 2028 Missis
593 1964 710 2029 votivis
737 1985 801 2035 non
830 1963 959 2044 dicitur,
978 1966 1075 2030 etiam
1098 1961 1262 2052 Tempora
1277 1968 1331 2029 Pa·

318 2060 484 2140 schali,val
498 2061 579 2124 infra
591 2060 737 2144 Octavas,
750 2060 809 2124 nisi
823 2061 855 2124 in
868 2061 959 2125 Missa
971 2062 1078 2126 Bealae
1090 2062 1199 2126 Mariae
1210 2062 1243 2124 in
1257 2062 1331 2125 Sab·
1366 2117 1367 2128 .

317 2153 404 2237 baro,
431 2165 462 2219 et
477 2155 693 2242 Angelorum:
718 2166 750 2221 ol
763 2156 822 2220 nisi
845 2156 936 2220 Missa
952 2157 1057 2222 votiva
1082 2154 1330 2220 solemniterdi-

317 2247 419 2313 conda
435 2251 475 2315 sil
498 2272 555 2336 pro
571 2272 606 2314 ro
623 2251 726 2337 gravi,
743 2252 795 2316 vel
818 2272 875 2335 pro
892 2249 1019 2334 publica
1048 2250 1199 2314 Ecclesiae
1223 2271 1327 2326 causa,

317 2342 493 2409 dummodo
507 2367 571 2410 non
586 2344 712 2411 dicatur
728 2346 821 2410 Missa
839 2367 912 2408 cum
944 2346 1137 2430 paramrnlis
1164 2344 1326 2410 viniacris.

316 2438 426 2526 Neque
448 2438 566 2505 dicitnr
581 2442 613 2505 in
626 2442 728 2506 Missis
740 2441 983 2526 Dolunctarum.

598 2699 673 2773 IX.
708 2699 762 2775 Do
778 2700 1027 2775 Orationibus

360 2953 392 3016 1.
418 2955 453 3016 Iu
484 2953 584 3017 Fastis
609 2950 798 3036 Duplioibus
821 2950 939 3017 dicitur
965 2973 1028 3016 una
1053 2962 1177 3016 tantam
1203 2951 1321 3029 Oratio,
1364 2927 1365 2934 ¹

319 3047 377 3110 nisi
405 3044 549 3111 lanianda
575 3047 615 3111 sil
637 3048 744 3134 aliqua
764 3045 1043 3129 Commemoratio,
1070 3057 1105 3110 ul
1129 3044 1253 3111 dietum
1279 3053 1322 3108 osl

316 3161 423 3204 sura.
1048 3171 1052 3176 ·

355 3162 394 3296 11.
419 3236 455 3299 In
471 3234 570 3299 Fastis
587 3231 859 3321 Semidnplicibus
874 3234 1117 3316 oaaurrenlibus
1141 3234 1183 3297 ab
1210 3235 1320 3298 Octava
1363 3307 1364 3312 ἵ

206 3356 208 3360 ·
315 3327 518 3395 Pentecoslos
532 3349 633 3414 usque
649 3327 689 3391 ad
702 3327 897 3409 Adventum,
912 3339 944 3394 et
955 3351 973 3393 a
984 3329 1210 3392 Purifiaalione
1226 3347 1320 3414 usquo
1363 3323 1364 3344 ¹

315 3424 356 3488 ad
372 3424 679 3511 Quadragosimam,
698 3421 815 3488 dioilur
832 3422 972 3487 secunda
1000 3424 1110 3488 Oratio
1137 3425 1169 3486 A
1197 3424 1319 3502 canalis,

316 3521 409 3583 tertia
432 3518 471 3582 ad
489 3520 628 3582 libitum.
1362 3593 1363 3598 η

359 3615 392 3676 5.
417 3615 454 3676 In
466 3614 565 3677 Fastis
581 3611 853 3698 Somiduplioibus
872 3615 1114 3697 occurrentibus
1139 3612 1181 3677 ab
1208 3614 1319 3678 aaran

315 3708 499 3793 Epiphaniae
511 3707 665 3795 usquead
681 3709 950 3788 purificationem,
965 3707 1082 3775 dicitur
1093 3707 1237 3773 secunda
1247 3709 1320 3772 Ora-

315 3803 359 3866 lio
374 3804 472 3883 Deus,
495 3807 549 3890 qui
566 3803 687 3884 solatis,
705 3805 797 3869 tertia
813 3804 967 3889 Ecclesia,
986 3808 1036 3871 vel
1053 3827 1110 3892 pro
1126 3807 1215 3890 Papa
1231 3807 1318 3880 Dona,
1361 3875 1362 3886 2

314 3900 454 3961 omnium
466 3899 619 3983 fideliam.
739 3904 741 3909 ’

358 3991 393 4054 1.
418 3993 454 4054 In
468 3993 568 4058 Fastis
584 3992 869 4080 semiduplicibus,
886 4017 904 4058 a
920 3996 1011 4059 Faria
1036 4006 1151 4083 quarm
1177 3995 1318 4059 Cinaram

314 4085 471 4172 usquead
486 4088 685 4153 Dominicam
700 4089 871 4170 Passionis,
886 4088 1027 4156 secunda
1041 4091 1150 4156 Oratio
1167 4088 1209 4152 do
1224 4087 1316 4164 Faria,

314 4182 406 4246 tertia
420 4187 449 4246 A
468 4187 595 4249 canolis.
