2764 4742
316 223 359 288 50
748 247 892 291 aurarem

317 368 375 433 per
393 349 603 433 posteriorem
633 349 797 432 Litteram,
818 370 889 435 quae
915 360 962 412 est
975 371 1007 435 9,
1024 352 1117 415 Festa
1136 353 1268 417 mobilia
1281 355 1324 417 in-

317 443 527 530 vestigentur,
550 443 731 530 reperietur
746 443 990 530 Septuagesima
1012 441 1066 507 die
1083 444 1123 508 11
1150 445 1323 525 Februarii,

319 534 424 601 etdies
439 536 590 602 Cinerum
598 538 639 602 18
650 537 830 602 Februarii.
845 538 878 602 Si
894 547 1002 603 autem
1014 536 1323 620 addaturunusdies,

317 627 412 693 eadat
426 631 668 718 Septuagesima
683 631 715 693 in
737 628 824 694 diem
848 631 889 694 12
918 630 1099 713 Februarii,
1123 636 1327 720 quaeestDe-

318 725 447 807 minim,
466 736 498 791 et
525 723 593 790 dies
613 725 765 791 Cinerum
779 725 812 788 in
824 722 912 790 diem
929 726 971 790 29
994 725 1176 809 Februarii,
1193 749 1266 814 quac
1288 737 1329 790 est

318 819 411 884 Feria
433 821 490 888 lv.
506 820 629 886 Pascha
639 830 760 898 autem,
778 833 811 884 et
829 821 955 907 reliqua
975 821 1069 885 Festa
1080 821 1113 884 in
1130 842 1184 886 eos
1201 820 1272 886 dies
1286 843 1328 885 ea·

319 912 397 980 dent
408 916 463 1003 qui
479 917 511 979 in
528 915 638 981 tabula
654 915 795 1002 expressi
811 924 897 980 sunt.
912 917 993 980 Item
1007 936 1092 980 anno
1113 917 1329 982 4088111535-

319 1011 366 1075 tili
383 1011 502 1097 Epaeta
518 1011 579 1076 erit
596 1012 672 1077 xxiv
693 1021 726 1075 et
738 1009 865 1074 Litterae
878 1009 1093 1074 Dominieales
1111 1011 1132 1073 d
1147 1032 1173 1073 e.
1190 1011 1224 1074 Si
1240 1011 1331 1097 igitur

318 1125 377 1191 per
392 1104 545 1170 Liberam
556 1126 583 1184 e,
600 1126 672 1192 quae
690 1104 849 1190 posterior
863 1113 923 1186 est,
941 1104 1146 1190 inquirantur
1159 1106 1255 1170 Festa
1272 1127 1330 1169 me

318 1200 408 1280 bilia,
433 1201 616 1267 invenietur
638 1200 881 1287 Septuagesima
904 1197 957 1264 die
978 1200 1229 1266 attenuaris:
1252 1211 1284 1268 et
1309 1201 1331 1263 si

320 1292 460 1360 addatur
484 1315 568 1359 unus
591 1292 672 1374 dies,
691 1291 786 1357 cadet
810 1290 947 1357 indiam
970 1294 1013 1357 18
1029 1293 1185 1375 Febrarii,
1203 1315 1277 1382 quae
1291 1303 1332 1356 est

321 1389 500 1455 Dominiea.
517 1390 592 1454 Dies
605 1398 713 1454 autem
729 1388 881 1452 Cinerum
902 1385 995 1452 cadet
1011 1389 1044 1450 in
1059 1387 1147 1451 diem
1160 1390 1203 1452 10
1219 1389 1331 1467 Martii,

322 1503 422 1570 quare
447 1485 529 1548 nihil
555 1482 697 1566 additur,
727 1492 789 1548 ete.
812 1485 937 1548 Rursus
963 1501 1047 1546 anno
1069 1483 1156 1546 5784
1176 1482 1333 1547 Bissextili

321 1577 440 1662 Epaeta
454 1579 514 1643 erit
530 1600 593 1645 xxv
605 1589 638 1644 et
651 1578 778 1644 Litterae
789 1577 1004 1666 Dominieales
1022 1578 1043 1640 d
1064 1599 1091 1642 c.
1114 1578 1200 1665 Ergo
1221 1580 1333 1643 iterum

322 1693 380 1758 per
418 1673 627 1757 posteriorem
662 1694 677 1735 e
716 1672 897 1758 reperietur
927 1671 1171 1758 Septuagesima
1204 1672 1259 1736 die
1298 1673 1331 1735 11

322 1766 488 1833 Februarii
503 1769 566 1834 hoc
581 1779 640 1846 est,
665 1765 806 1832 addital
825 1764 879 1830 die
895 1767 950 1831 11.
970 1765 1065 1847 Quod
1077 1767 1102 1830 si
1123 1789 1182 1852 per
1198 1769 1334 1854 priorem

322 1862 474 1927 Litteram
487 1865 508 1927 d
519 1865 551 1926 in
563 1873 701 1949 utroque
716 1862 832 1927 horum
846 1859 994 1925 'duorum
1008 1883 1167 1926 annerum
1176 1860 1334 1949 agendum

323 1967 416 2038 esset,
442 1959 523 2022 nihil
546 1958 738 2037 efficeretur,
764 1978 838 2021 eum
860 1955 945 2020 inira
967 1957 1102 2041 Epaetas
1121 1955 1198 2021 xxiv
1215 1965 1250 2019 et
1264 1976 1333 2034 xxv,

322 2050 443 2117 Littera
462 2053 483 2116 d
503 2050 624 2117 indicet
638 2047 915 2139 Septuagesimani
927 2049 981 2114 die
997 2051 1039 2114 15
1053 2049 1235 2129 Februarii,
1253 2045 1335 2136 qued

321 2144 438 2208 falsum
461 2155 554 2225 esset,
576 2167 650 2211 eum
672 2166 711 2208 eo
736 2166 821 2209 anno
847 2145 1008 2230 posterior
1028 2144 1149 2208 Littera
1172 2166 1187 2206 c
1217 2143 1336 2208 Pascha

322 2237 436 2306 offerat
457 2240 510 2305 die
527 2242 567 2306 25
582 2240 714 2326 Aprilis,
735 2261 772 2305 ae
793 2237 930 2326 proinde
953 2239 1196 2325 Septuagesima
1220 2236 1276 2302 die
1299 2237 1336 2300 11
1374 2263 1375 2278 ¹

322 2333 490 2400 Februarii
513 2331 707 2400 celebranda
730 2335 771 2398 sit
798 2343 833 2398 ut
854 2331 980 2420 liquido
1004 2343 1141 2416 constat,
1177 2334 1203 2396 si
1235 2355 1255 2398 a
1288 2331 1336 2395 die

323 2430 465 2510 Pascha,
496 2430 671 2494 Dominieae
687 2439 774 2494 retro
789 2438 1002 2493 numerentur
1016 2448 1119 2514 usque
1143 2425 1185 2491 ad
1202 2427 1336 2514 Septua-

140 2551 142 2556 ·
204 2589 206 2594 ,
323 2525 491 2613 gesimam.

365 2620 402 2683 Iu
418 2620 518 2705 priori
533 2638 630 2706 porro
643 2617 751 2681 tabula
767 2615 909 2702 paschali
925 2614 1057 2701 antiqua
1071 2616 1252 2681 reformata
1262 2619 1336 2702 Epa·

322 2715 380 2779 etis
395 2713 436 2778 ad
451 2715 611 2779 sinistram
640 2711 871 2797 praeposuimus
899 2709 1024 2774 Aureos
1047 2731 1199 2776 numeros
1221 2711 1337 2776 eedem

321 2808 447 2890 ordine,
464 2829 529 2896 quo
545 2816 619 2871 ante
634 2804 894 2869 emendationem
909 2803 1101 2869 Kalendarii
1115 2807 1271 2871 collocari
1289 2827 1336 2869 so·

319 2895 442 2986 lebant,
454 2914 491 2968 ut
505 2925 545 2966 ex
559 2902 598 2966 iis
612 2902 705 2964 Festa
723 2900 855 2964 mobilia
870 2899 1106 2966 invenirentur.
1130 2903 1201 2966 Hoc
1228 2911 1336 2967 autern

321 2995 441 3062 ideirco
465 2997 597 3062 anobis
619 2996 818 3074 factumest,
843 3003 881 3058 ut
896 2995 1020 3060 Pascha
1047 3005 1220 3082 ceteraque
1244 2997 1336 3061 Festa

319 3090 463 3174 mobilia,
491 3113 507 3154 a
539 3089 680 3155 Concilio
713 3089 841 3152 Nieaeno
871 3107 973 3175 usque
1009 3085 1051 3152 ad
1084 3109 1205 3153 annum
1236 3089 1335 3168 1582,

318 3185 455 3270 quilibet
475 3183 629 3270 indagare
651 3181 763 3268 possit.
785 3178 907 3244 Eodem
920 3190 1037 3246 -autem
1056 3202 1187 3266 prorsus
1200 3182 1336 3247 artificio

319 3301 360 3343 ex
373 3278 489 3344 Aureis
504 3277 647 3348 numeris
663 3277 707 3340 ita
725 3272 904 3339 distributis
919 3274 1012 3338 Festa
1028 3274 1160 3340 mobilia
1176 3286 1336 3340 eruuntur

318 3395 383 3461 qno
399 3397 439 3439 ex
460 3370 673 3461 Epaetis.'Sit
695 3370 781 3433 enim
805 3365 1049 3454 explorandum,
1077 3369 1217 3455 exempli
1240 3389 1336 3434 eausa

317 3467 448 3554 quando
463 3471 555 3533 Festa
569 3465 639 3530 haee
653 3463 815 3529 celebrata
830 3462 952 3526 fuerint
965 3482 1049 3526 auno
1065 3461 1162 3544 1150,
1180 3463 1336 3548 quoniam

318 3583 356 3627 eo
373 3585 457 3629 anuo
472 3564 598 3628 Aureus
614 3579 767 3623 numerus
782 3560 802 3622 7
819 3567 852 3621 et
874 3557 995 3621 Littera
1011 3557 1228 3622 .Dominiealis
1243 3557 1287 3620 d:
1312 3556 1336 3620 si

317 3656 443 3722 Aureus
459 3655 644 3721 numerosi
661 3653 694 3717 iu
706 3652 834 3716 sinistro
849 3652 949 3716 latere
961 3652 1150 3738 accipiatur,
1175 3661 1208 3716 et
1229 3652 1336 3737 prima

315 3751 436 3817 Littera
450 3752 482 3832 d,
499 3750 584 3814 inira
604 3767 851 3827 eamoeeurens,
866 3745 1076 3832 reperieture
1091 3749 1224 3833 regione
1234 3747 1335 3833 hujus

315 3845 443 3910 Littera·
469 3845 502 3927 d,
530 3839 773 3926 Septuagesima
799 3838 879 3903 dial
898 3839 1078 3923 Februarii,
1096 3838 1165 3904 dios
1180 3838 1334 3904 Cinerum

316 3939 357 4003 18
373 3937 553 4018 Februarii,
572 3935 694 4000 Pascha
710 3932 794 3997 diet
809 3932 931 4019 Aprilis
955 3941 1018 3997 ete.

356 4031 524 4100 Adventus
536 4031 665 4096 Domini
677 4027 859 4094 celebratur
873 4048 1001 4114 semper
1010 4027 1064 4092 die
1079 4026 1262 4108 Dominieo,
1277 4026 1331 4111 qui

313 4128 524 4216 propinquior
538 4136 587 4190 est
605 4123 748 4189 Festos.
766 4120 904 4187 Andreae
927 4121 1083 4206 Apostoli,
1109 4140 1226 4203 nempe
1243 4140 1262 4183 a
1278 4119 1331 4182 die
