2750 4738
792 241 898 283 BULLAE

702 503 784 548 0111118
806 501 843 546 ΕΤ
867 503 963 549 001118.

372 722 595 788 Sanctissimus
608 725 649 788 D.
667 724 706 788 N.
722 724 799 788 Pius
820 725 885 790 PP.
903 726 960 790 lx.
985 748 1025 790 cx
1040 728 1112 790 Sac.
1133 725 1202 791 Rit.
1224 723 1341 810 Congr.

314 817 461 882 ¹cornilio
477 819 659 883 summatim
674 820 792 904 apponi
810 829 842 882 et
864 819 1006 903 imprimi
1022 818 1188 884 mandavit
1204 819 1241 882 in
1259 819 1345 909 prin-

311 912 411 996 cipio
426 911 559 977 Missalis
579 911 645 976 duo
661 913 703 977 ab
719 909 833 998 eadem
849 914 883 978 S.
911 913 1070 1000 Congreg.
1089 914 1167 977 alias
1189 909 1282 976 edita
1297 910 1345 972 de·

313 1014 426 1087 creta,
444 1003 620 1072 videlicet:

316 1153 320 1161 .
372 1097 508 1179 Quando
525 1103 667 1166 occurrit
681 1101 848 1168 Dedicatio
864 1105 1074 1170 Basilicarum
1090 1101 1148 1164 SS.
1172 1101 1348 1166 Salvatoris

328 1204 360 1256 et
383 1195 441 1257 SS.
459 1193 571 1279 sipost.
588 1196 675 1260 Petri
692 1206 723 1260 ct
738 1198 830 1262 Pauli
849 1199 931 1264 inira
949 1200 1103 1263 Octavam
1126 1193 1347 1260 Dedicationis

328 1287 462 1352 aliarum
478 1291 705 1375 Ecclesiarum,
723 1306 868 1358 sumatur
883 1317 941 1380 pro
958 1291 1275 1358 Commemoratione
1291 1291 1347 1353 alia

327 1383 437 1446 Oratio
453 1384 494 1447 de
510 1385 691 1468 Communi,
709 1409 838 1472 nempe,
863 1391 959 1471 Deus,
985 1391 1040 1473 qui
1061 1384 1276 1450 invisibiliter.
1294 1384 1347 1446 Dic

329 1479 371 1540 25
387 1479 583 1566 Septembris
598 1484 695 1566 1706,
715 1481 757 1548 ad
770 1486 829 1550 XI.

371 1573 539 1640 Orationes
563 1599 620 1661 pro
642 1578 864 1645 Romanorum
887 1583 1084 1665 Imperatore
1108 1588 1172 1644 tam
1196 1577 1234 1639 in
1257 1574 1347 1636 Missa

313 1669 679 1749 ‚Praesanctificatorum‚
694 1674 787 1738 Faria
798 1675 856 1740 VI.
872 1676 905 1738 in
919 1675 1109 1754 Parasceve,
1119 1691 1222 1758 quam
1240 1669 1274 1730 in
1289 1666 1345 1728 fine

313 1762 482 1828 .Praeconii
496 1766 674 1847 Paschalis,
692 1768 833 1834 Sabbata
849 1779 970 1850 sancto,
988 1769 1031 1833 ob
1046 1767 1210 1832 sublatum
1228 1765 1347 1827 Roma-

327 1878 404 1922 num
435 1860 624 1943 Imperium,
653 1882 717 1926 non
749 1863 887 1948 amplius
912 1863 1110 1929 recitentur:
1146 1855 1346 1924 excudentur

328 1961 435 2014 tamen
448 1962 485 2016 ut
504 1965 598 2018 antea
622 1955 654 2018 in
680 1958 773 2022 novis
796 1957 989 2021 Missalibus.
1006 1958 1065 2020 Die
1088 1956 1131 2019 05
1147 1949 1346 2037 Septembris

331 2045 427 2124 1860,
445 2046 486 2111 ad
505 2050 564 2112 ΙΙΙ.
582 2050 641 2112 Die
655 2051 697 2114 14
712 2051 818 2115 Martii
835 2052 933 2115 1861.

371 2234 407 2298 C.
432 2236 598 2299 Eerscorus
613 2237 775 2300 Poaruan.
801 2247 833 2300 et
857 2237 891 2300 S.
917 2237 1050 2300 Roriam
1073 2234 1176 2298 Cano.
1200 2235 1343 2310 Psrsnn,

778 2331 819 2394 S.
841 2333 879 2394 R.
908 2329 945 2394 C.
971 2329 1072 2406 Proef.

371 2439 456 2501 noco
479 2438 506 2522 ³,
530 2440 647 2525 signo.
1373 2491 1374 2579 ,

634 2601 676 2664 H.
702 2600 848 2681 Caesam,
874 2601 908 2662 S.
934 2602 973 2663 R.
993 2597 1029 2662 C.
1051 2599 1260 2662 Secreturius.

704 3109 787 3155 bools
810 3109 847 3152 ΕΤ
868 3108 964 3154 0111118.

373 3347 480 3428 Quum
496 3349 592 3412 Sacra
606 3350 741 3413 Rituum
759 3345 988 3435 Congrcgatio,
1002 3349 1140 3438 Decreto
1153 3351 1221 3412 lato
1240 3350 1292 3413 dic
1307 3349 1343 3412 ib

330 3443 527 3528 Septembris
543 3445 642 3522 1706,
660 3446 692 3508 in
704 3465 767 3506 una
778 3444 917 3507 Urbis'ct
932 3443 1027 3506 Orbis
1043 3441 1193 3525 edixerit,
1208 3456 1248 3509 ut
1260 3445 1341 3508 initio
1369 3439 1370 3526 i

328 3537 462 3600 Missalis
478 3548 717 3626 apponerentur
734 3538 795 3601 tria
809 3559 880 3624 quae
897 3547 1077 3624 sequuntur
1091 3539 1247 3621 Decreta,
1263 3537 1342 3602 vide·
1368 3541 1369 3548 ’

329 3631 403 3695 licet
418 3653 426 3692 z

373 3725 465 3787 Feria
476 3725 533 3789 VI.
547 3725 578 3786 in
594 3726 770 3791 Parasccvc
784 3725 869 3788 Crux
881 3722 922 3790 ad
936 3725 1045 3790 Altarc
1060 3724 1245 3814 thurificari
1254 3726 1342 3790 dehet

330 3837 367 3879 eo
384 3838 513 3901 prorsus
528 3816 637 3902 modo,
656 3841 720 3905 quo
737 3820 772 3884 fis
786 3820 819 3883 in
844 3821 914 3883 aliis
930 3820 1045 3896 Missis,
1063 3841 1128 3882 non
1144 3821 1275 3885 omissis
1291 3819 1339 3882 de-

328 3911 403 3974 bitis
420 3911 710 3997 genuflexionibus,
724 3913 921 3978 transeundo
937 3924 1010 3977 ante
1027 3914 1275 3978 Sanctissimum
1291 3915 1339 3976 Sa-

329 4015 540 4069 cramentum.
554 4005 644 4069 Diea
660 4007 737 4071 Julii
755 4008 850 4088 1698,
869 4008 901 4070 in
919 4009 1160 4084 Panormitam,
1179 4020 1214 4071 et
1233 4012 1268 4074 11
1288 4010 1338 4071 Fe·

320 4098 450 4161 'bruarii
467 4101 564 4182 1701,
581 4099 622 4164 ad
636 4104 662 4179 I,
682 4104 713 4165 in
730 4103 859 4164 Lerien.
