2750 4738
339 209 402 272 108
497 173 501 184 ⁸
774 231 918 274 ausuros

337 332 467 420 quaudo
492 345 562 419 post
601 337 743 420 aliquam
774 335 893 398 Horam
926 331 1112 398 immediate
1144 333 1347 422 subsequitur

339 427 443 490 Missa.
468 427 625 491 Dicuntur
648 438 755 492 autern
786 429 879 492 flexis
902 428 1038 513 genibus
1063 432 1295 515 (praeterquam
1321 425 1347 486 in

339 518 452 584 diebus
464 521 650 604 Dominicis,
668 545 686 586 a
698 524 810 608 primis
824 523 975 610 Vesperis
988 521 1133 604 sabbati,
1149 533 1182 587 et
1195 533 1267 588 toto
1277 531 1348 585 tem-

340 635 416 700 pore
431 615 602 702 Paschali),
615 616 877 683 Hebdomadario
893 629 1001 684 tamen
1016 617 1057 680 ad
1072 618 1271 684 Orationem
1288 637 1347 678 sur-

340 721 448 796 gente.

342 954 554 1031 XXXVII.
583 959 635 1034 lle
660 958 791 1054 Officio
813 979 932 1060 parvo
949 957 995 1032 B.
1020 957 1164 1045 Marito,
1185 965 1221 1030 ot
1249 953 1345 1028 olr'r's.

386 1233 417 1300 l.
441 1233 487 1295 Do
510 1231 621 1295 Offirio
645 1254 743 1317 parvo
769 1234 876 1296 Reatae
892 1231 1011 1308 Mariae,
1028 1227 1069 1294 de
1094 1227 1205 1291 Officio
1235 1227 1351 1291 Delon-

340 1335 475 1408 olorum,
499 1324 540 1389 de
560 1337 682 1410 septem
698 1327 831 1391 Psalmis
852 1325 1139 1397 Poenitentialibus,
1156 1330 1189 1384 et
1206 1320 1349 1402 Litauiis,

340 1429 370 1483 ot
386 1417 426 1482 de
441 1419 574 1484 Psalmis
588 1417 813 1498 Gradualibus‚
832 1418 974 1506 quando,
992 1428 1023 1482 et
1039 1415 1216 1504 quomodo,
1241 1427 1306 1478 tam
1324 1415 1351 1474 in

339 1513 456 1592 Choro,
473 1536 570 1601 quam
590 1525 678 1579 extra
695 1515 848 1594 Chorum,
866 1513 1002 1578 dicenda
1018 1514 1093 1594 siut,
1111 1512 1279 1575 habentur
1294 1510 1352 1572 suis

341 1608 417 1672 locis
428 1610 564 1694 propriae
576 1609 737 1690 Rubrioae,
752 1611 837 1674 cirea
852 1609 948 1674 finem
964 1607 1134 1672 breviarii.

385 1705 417 1768 2.
442 1705 598 1790 Tempore
626 1706 784 1783 Pasobali‚
809 1703 965 1770 inofficio
992 1725 1092 1789 parvo
1109 1705 1218 1766 Roatae
1235 1700 1349 1775 Mariae,

341 1798 426 1886 quod
444 1797 562 1863 dicitur
576 1801 608 1863 in
625 1800 741 1886 Cheru,
759 1823 823 1865 non
839 1799 970 1864 additur
985 1797 1125 1884 Alleluja
1146 1794 1351 1882 Antiplrorris,

341 1916 447 1981 neque
462 1895 627 1980 Versibus,
652 1919 758 1984 neque
770 1896 1005 1986 Responsoriis.

628 2165 675 2173 ...
697 2166 720 2171 .-
733 2143 1061 2189 ψῃ...

659 2351 770 2436 IlUAE
795 2361 1026 2436 TABELLAE

442 2557 496 2617 nx
517 2556 799 2621 surunrouruus
821 2557 999 2622 ausurus
1021 2520 1250 2618 urrunnun.

344 2801 381 2864 Irr
404 2817 537 2884 quorum
556 2799 662 2880 primo
683 2799 788 2860 statim
810 2795 910 2860 videri
920 2797 1046 2880 poterit,
1072 2794 1110 2858 de
1124 2815 1183 2880 quo
1199 2793 1353 2858 celebran-

389 2894 463 2956 dum
478 2893 535 2955 erit
553 2888 708 2976 Officium,
727 2891 756 2953 si
771 2889 867 2974 ploro
878 2889 979 2966 eodem
995 2889 1044 2953 clio
1054 2891 1145 2953 Festa
1157 2900 1330 2953 occurrunt.

343 2993 381 3054 In
395 2985 528 3054 seeundo
551 3005 633 3069 vero,
658 2984 810 3072 quomodo
830 2983 975 3071 Officium
990 2984 1165 3070 procedens
1181 2996 1352 3066 concurret,

388 3087 422 3150 io
447 3083 481 3148 V
479 3082 603 3165 reperis,
628 3103 697 3145 oum
721 3079 831 3167 Officio
853 3083 1006 3166 sequentis
1029 3080 1103 3144 diei.

347 3181 396 3242 Ere
418 3189 547 3262 utraque
580 3175 703 3240 Patella
732 3176 786 3240 boe
813 3173 921 3239 ordine
948 3177 1118 3260 reperietur
1144 3172 1223 3261 quod
1244 3178 1353 3257 parteri-

391 3285 454 3336 tur.
612 3287 618 3300 “
1072 3285 1074 3288 ’

390 3364 533 3432 Primum
549 3361 732 3426 inveniatur
758 3383 910 3428 numerus
936 3363 1058 3449 positus
1079 3362 1112 3426 in
1136 3359 1354 3450 quadrangulo

350 3465 416 3544 illo,
434 3463 546 3548 inquo
563 3459 667 3543 Festa,
683 3458 723 3523 de
739 3461 857 3548 quibus
879 3473 926 3526 est
941 3463 1168 3546 controversia,
1196 3461 1250 3524 sibi
1268 3463 1354 3527 invi-

349 3581 419 3624 oem
444 3565 636 3622 occurrunt:
665 3554 783 3620 deinde
808 3559 934 3645 legatur
963 3558 1089 3644 Regula
1118 3556 1208 3643 juxta
1233 3553 1354 3623 dicrum

349 3675 517 3718 numerum
542 3651 713 3736 descripta,
738 3663 770 3716 et
793 3674 833 3716 ex
856 3675 892 3718 ea
916 3655 1000 3718 clare
1024 3651 1189 3716 videbitur
1217 3643 1292 3739 qnid
1316 3657 1356 3718 sit

349 3747 523 3835 agendum.

393 3845 539 3930 Exempli
562 3847 681 3934 gratia:
704 3842 964 3932 Quadrangulus,
993 3844 1026 3909 in
1049 3843 1195 3932 quesibi
1218 3845 1353 3910 invicem

351 3950 522 4004 occurrunt
536 3941 685 4026 Duplexl
697 3941 821 4024 Classis,
836 3950 868 4005 et
878 3941 1044 4006 Dominica
1057 3943 1074 4005 l
1091 3938 1213 4021 Classis,
1227 3938 1285 4003 erit
1298 3943 1352 4028 qni

352 4034 438 4097 estin
456 4037 573 4120 angulo
589 4037 744 4122 superiori
756 4036 866 4121 primae
877 4037 1061 4120 Taballae,in
1077 4055 1141 4124 quo
1154 4035 1289 4122 signatus
1306 4046 1353 4100 est

353 4149 504 4193 numerus
519 4132 549 4211 l,
568 4133 643 4217 quia
657 4133 681 4194 si
698 4129 737 4194 ad
755 4153 828 4196 oum
851 4142 914 4197 tam
926 4134 1063 4218 Duplex,
1080 4151 1177 4219 quam
1192 4128 1352 4195 Dominica
