2764 4742
495 233 670 276 nnnvmun.
1048 215 1091 278 27

78 315 189 398 annum
220 333 407 400 Indictionis
436 317 779 421 currentemquolibet
809 356 892 399 anuo
924 341 1088 423 proposito

81 431 274 494 inveniemus
296 452 336 495 ex
360 432 505 518 sequenti
537 431 666 508 tabella,
693 429 785 516 cujus
814 452 891 496 usus
916 443 1090 518 perpetuus

81 534 142 606 est;
165 525 292 589 initium
315 536 421 590 temen
433 527 530 590 sumit
544 527 586 590 eb
602 547 685 589 euno
703 526 910 590 correctionis
927 525 1023 591 1582.

227 770 338 825 Tabetln
353 769 510 825 tudietionis
524 771 560 825 ab
574 785 646 826 enno
661 770 837 828 correctionis
854 773 937 828 1582.

147 1145 178 1207 5.
251 1147 283 1209 e.
354 1146 387 1208 r.
450 1145 482 1207 s.
550 1147 581 1209 9.

123 1420 200 1483 Nam
215 1419 241 1482 si
261 1440 346 1482 antro
363 1420 448 1483 1582
466 1419 587 1483 tribuas
605 1419 743 1503 primum
761 1437 945 1501 numerum,
974 1417 1030 1503 qui
1048 1427 1095 1481 cst

87 1515 132 1593 tt),
157 1525 188 1578 et
209 1515 457 1600 sequentianno
480 1512 757 1578 rosemundam
774 1533 957 1594 numerum,
976 1513 1031 1599 qui
1048 1523 1095 1576 cst

88 1611 133 1690 tt,
161 1619 192 1671 et
221 1609 265 1672 sic
291 1607 445 1693 deinceps
473 1630 576 1694 usque
603 1605 789 1672 edentium
815 1608 1025 1692 propositum,
1042 1627 1095 1668 re-

84 1703 207 1767 deundo
222 1701 263 1774 ed
278 1703 472 1788 principium
490 1703 628 1784 tebeltae,
643 1703 908 1788 quotiescumque
926 1722 996 1764 eam
1020 1721 1095 1785 per-

84 1799 226 1881 curreris,
244 1797 338 1862 cedet
363 1820 464 1862 eunus
492 1799 672 1884 propositus
704 1798 736 1860 in
774 1794 1000 1874 indictionem,
1025 1815 1096 1880 quer

86 1895 245 1980 quaeritur.
265 1894 310 1978 Γ)

377 2137 431 2211 Dc
444 2136 563 2212 Fertis
576 2133 787 2210 innobilibus.

126 2403 281 2484 Quoniam
313 2426 353 2468 ex
375 2402 506 2467 decreto
532 2403 614 2467 sacri
645 2401 778 2466 Consilii
812 2400 931 2464 Nicaeni
961 2401 1097 2483 Pascha,

88 2518 206 2584 exque
231 2501 355 2586 reliqua
371 2500 463 2563 Festa
492 2498 624 2570 mobilia
648 2494 803 2581 pendent,
821 2495 978 2559 celebrari
1001 2493 1098 2559 debet

88 2589 135 2654 die
169 2595 350 2672 Dominieo‚
374 2594 429 2680 qui
460 2593 603 2678 proxime
634 2588 777 2655 succedit
804 2589 857 2653 xiv
879 2589 976 2652 Luuee
1003 2588 1098 2672 primi

88 2688 200 2751 mensis
222 2690 353 2770 (is'vero
380 2687 466 2772 apud
489 2687 643 2750 Hebraeos
671 2693 807 2749 vocetur
829 2681 1098 2767 primusmensis,

88 2780 174 2866 eujus
200 2805 255 2858 xrv
277 2785 368 2846 Luna
395 2784 447 2846 vel
483 2781 569 2846 eadit
598 2782 631 2844 in
657 2779 745 2842 diem
771 2778 863 2844 verni
889 2775 1098 2862 AEquinoctii‚

89 2876 169 2961 quod
194 2875 245 2941 die
262 2881 301 2942 21
321 2879 440 2942 mensis
464 2879 569 2942 Martii
592 2875 761 2962 contingit,
783 2875 836 2939 vel
851 2873 983 2959 propius
995 2871 1101 2956 ipsum

90 2973 240 3057 sequitur)
263 2974 411 3054 efficitur,
438 2985 473 3039 ut
499 2975 525 3038 si
552 2975 671 3059 Epocte
692 2969 834 3059 cujusvis
857 2967 932 3030 enni
956 2965 1100 3030 iuvenie-

91 3074 149 3146 tur,
166 3076 198 3130 et
212 3066 252 3131 ab
269 3090 307 3132 ea
324 3069 356 3132 in
377 3067 575 3133 Kelenderio
600 3077 709 3131 notata
725 3067 808 3130 inter
838 3061 926 3124 diem
953 3068 1103 3125 octavum

91 3158 191 3224 tlarrii
218 3165 386 3248 inclusive,
415 3175 447 3228 et
477 3165 625 3250 quintum
651 3162 772 3246 Aprilis
809 3157 963 3222 inclusive
993 3152 1105 3240 (hujus

91 3255 172 3319 enim
185 3259 318 3346 Epactee·
330 3261 384 3324 xiv
413 3263 504 3324 Luna
529 3258 616 3323 cedit
645 3259 698 3323 vet
728 3257 760 3319 in
789 3252 877 3316 diem
904 3247 1104 3336 AEquinoctii

92 3353 191 3433 verni,
215 3354 247 3419 id
264 3366 322 3436 est,
338 3358 370 3420 in
382 3355 467 3420 diem
482 3358 518 3420 nt
539 3355 657 3433 Martii,
671 3355 724 3419 vel
748 3371 821 3415 eum
838 3345 970 3434 propius
1000 3343 1104 3429 sequi·

93 3445 154 3529 tur)
182 3463 391 3516 numerentur
403 3452 557 3516 inclusive
579 3449 731 3514 deorsum
745 3466 857 3512 versus
874 3441 942 3505 dies
954 3449 1105 3525 quatuor·

94 3536 205 3620 decim,
222 3546 386 3630 proximus
401 3545 470 3610 dies
484 3546 671 3610 Dominicus
693 3541 780 3606 diem
795 3540 883 3602 hune
897 3535 951 3599 xiv
969 3552 1107 3618 sequens

96 3632 144 3715 (ne
160 3658 232 3700 cum
258 3639 378 3704 Judeeis
405 3643 645 3718 conveniamus,
671 3641 696 3704 si
716 3639 798 3702 torte
829 3633 898 3696 dies
927 3629 982 3694 xiv
1005 3628 1104 3691 Lunae

98 3727 221 3798 cederet
233 3734 266 3797 in
282 3734 368 3800 diem
388 3735 605 3820 Dominioum]
618 3731 741 3803 sittdies
753 3729 895 3795 Peschee.

140 3827 333 3914 Exemplum.
359 3831 452 3898 Anno
479 3833 564 3896 1605
579 3834 698 3916 Epecta
713 3837 794 3892 ests
813 3834 844 3889 et
858 3822 979 3887 Littera
1003 3815 1110 3880 Domi·
1175 3825 1181 3834 “

133 4125 157 4176 (¹)
175 4127 294 4170 Numerus
306 4126 332 4170 t0
343 4126 507 4181 correspondet
518 4135 579 4169 enno
592 4121 656 4167 1867.
