2750 4738
753 237 896 280 RUBRIGAE

627 515 765 594 XXX.
786 517 842 596 Dc
857 516 1045 596 Oratione.

374 821 405 884 i.
418 819 528 884 Oratio
540 819 571 882 in
583 817 746 905 vesperis,
756 831 789 885 et
799 819 963 886 Laudibus
972 821 1090 887 dicitur
1101 831 1173 908 post
1183 820 1318 906 Antipho·

331 937 386 980 nas
398 912 438 978 ad
451 912 642 1000 Magnificat,
658 925 690 979 et
700 914 896 981 Benedictus
912 914 1116 981 immediator
1132 917 1193 980 nisi
1208 913 1318 1003 quando

327 1106 361 1169 in
376 1103 438 1167 fine
454 1102 580 1166 illarum
593 1103 715 1167 Oratio.
729 1103 778 1169 Ad
792 1104 945 1188 Primam,
959 1116 991 1169 et
1006 1106 1083 1169 aiios
1096 1105 1213 1185 Horas,
1227 1103 1319 1168 Oratio
1373 1082 1374 1096 ¹

247 1269 250 1276 ,
327 1198 445 1264 dicitur
459 1208 531 1282 post
545 1199 798 1283 Responsorium
809 1199 921 1277 breve,
941 1200 1000 1263 nisi
1023 1198 1169 1265 dicendae
1182 1201 1243 1263 sint
1256 1200 1318 1262 Pre-
1371 1219 1372 1222 ¹

328 1315 399 1358 ces:
416 1304 493 1358 tunc
506 1293 592 1359 cuim
604 1293 712 1358 Oratio
727 1293 846 1360 dicitur
860 1306 931 1380 post
947 1296 1074 1359 Preces.
1093 1293 1143 1359 Ad
1157 1294 1320 1379 Complato·
1373 1295 1374 1334 i

327 1389 423 1470 rium,
441 1387 551 1453 Oratio
575 1387 693 1453 dicitur
718 1399 789 1475 post
813 1389 1032 1476 Antiphonem
1060 1391 1155 1454 Salva
1183 1410 1257 1471 nos,¹
1273 1388 1320 1450 nisi

326 1481 472 1549 dicendae
493 1485 556 1548 sint
568 1485 707 1548 Preocst
724 1495 757 1549 et
772 1495 848 1549 tunc
860 1483 977 1549 dicitur
992 1494 1063 1570 post
1078 1485 1160 1548 illas.
1373 1485 1374 1504 ¹

371 1580 404 1643 P.
431 1575 481 1644 Ad
493 1579 646 1662 Primam,
662 1589 695 1643 ct
710 1579 972 1666 Complatorium,
986 1601 1162 1666 numquam
1175 1590 1322 1644 muuntur

326 1673 580 1760 Orationes,quae
594 1673 756 1739 habentur
767 1675 800 1737 in
811 1675 978 1753 Psaiterio,
996 1685 1210 1761 praeterquam
1226 1677 1253 1738 in
1265 1672 1323 1736 Tri·
1373 1675 1374 1712 i

327 1767 392 1834 duo
407 1779 481 1832 autc
496 1769 617 1834 Pascha
632 1791 640 1832 ε
665 1770 697 1833 in
715 1791 780 1856 quo
795 1768 914 1834 Triduo
934 1769 975 1834 ad
991 1792 1102 1834 omncs
1117 1771 1220 1834 Horas
1234 1789 1322 1855 usque
1371 1807 1374 1856 3

326 1861 369 1927 ad
391 1863 513 1927 Nonam
530 1863 662 1927 sabbati
684 1864 785 1928 sancti
800 1865 967 1943 inclusive,
982 1865 1229 1950 postPsalmum
1245 1864 1322 1927 Mise-
1373 1865 1374 1904 i

326 1979 409 2042 rore,
427 1957 544 2022 dicitur
567 1958 676 2023 Oratio
700 1957 778 2039 dici,
795 1970 831 2024 ut
857 1981 914 2023 suo
937 1962 1007 2025 loco
1035 1959 1177 2044 ponitur.
1206 1962 1241 2023 Iu
1265 1958 1323 2034 aliis
1373 1961 1374 2000 i

269 2092 275 2106 ·
327 2053 423 2117 Horis
439 2053 630 2139 regulariter
649 2051 767 2116 dicitur
778 2053 900 2135 Oratio,
919 2076 989 2140 queo
1006 2052 1089 2117 dicta
1115 2063 1162 2117 est
1177 2053 1209 2116 in
1224 2053 1321 2138 primis
1373 2055 1374 2136 i

328 2146 490 2232 Vesperis.
505 2148 541 2210 In
557 2144 809 2234 Quadrogcsima
824 2159 943 2226 autem,
958 2150 1103 2230 Quatuor
1115 2147 1323 2232 Temporibus,

326 2242 465 2329 Vigiliis,
480 2251 512 2305 et
525 2242 617 2306 Feria
633 2243 902 2330 IIRogationum,
917 2241 1038 2324 Oratio,
1057 2265 1128 2330 quae
1146 2241 1227 2306 diota
1244 2242 1323 2306 estin
1373 2245 1374 2284 i

325 2335 500 2418 Laudibus,
514 2335 631 2401 dicitur
646 2347 769 2425 tantum
781 2337 822 2402 ad
838 2338 990 2418 Tertiam,
1010 2341 1138 2418 Sextum
1155 2348 1186 2402 et
1201 2338 1322 2400 Nonam.
1373 2339 1374 2376 ³

327 2433 362 2495 In
378 2432 528 2516 Vesperis
548 2442 655 2496 autem
678 2434 897 2519 sequentibus,
918 2435 943 2498 si
966 2433 1000 2500 fit
1016 2430 1056 2496 dc
1082 2433 1186 2511 Feria,
1204 2430 1321 2508 dicitur,

325 2528 377 2592 vei
392 2527 453 2590 alia
469 2527 610 2612 propria,
622 2538 657 2592 ut
673 2529 706 2591 in
720 2527 985 2616 Quadragesima,
1004 2530 1054 2593 vel
1071 2527 1241 2592 Dominica
1255 2549 1324 2612 prae·

324 2620 478 2702 cedentis,
495 2632 532 2687 ut
546 2623 577 2686 in
595 2624 665 2688 aliis
680 2623 792 2688 Feriis.
819 2626 898 2706 Qua
921 2625 1029 2689 Oratio
1052 2622 1254 2708 praecedentis
1269 2623 1323 2684 Do·

325 2717 449 2781 minicae
461 2738 588 2802 sempor
597 2716 715 2782 dicitur
723 2719 755 2781 in
763 2719 878 2792 Feriaii
887 2719 998 2783 Officio
1010 2740 1068 2802 per
1077 2714 1321 2796 Hebdomadam,

325 2809 454 2898 quando
492 2813 621 2897 propria
644 2835 708 2877 non
732 2814 923 2900 assignatur.
954 2813 1041 2876 Infra
1054 2811 1201 2890 Octavas,
1217 2809 1324 2874 dicitur

324 2906 434 2971 Oratio
453 2917 490 2972 ut
512 2908 544 2971 in
569 2907 622 2971 dic
644 2909 750 2974 Festi:
776 2908 923 2974 similiter
945 2918 977 2973 ct
999 2909 1031 2971 in
1057 2907 1110 2973 dic
1126 2907 1252 2986 Octava,
1268 2905 1322 2970 nisi

325 3002 386 3067 alia
402 3004 531 3089 propria
545 3005 745 3090 assignetur.v
844 3047 845 3050 κ

367 3099 400 3162 5.
425 3097 713 3182 AnteOrationem,
724 3100 819 3164 ctiam
835 3098 965 3186 quando
981 3099 1096 3185 aliquis
1112 3101 1198 3166 solus
1223 3096 1322 3160 recitat

323 3192 479 3276 Officium,
497 3213 624 3278 semper
649 3191 767 3258 dicitur
780 3195 913 3276 VcrsuS,
929 3195 1084 3258 Dominus
1108 3193 1278 3271 vobiscum,
1294 3201 1321 3252 et

323 3286 546 3374 respondetur,
563 3289 688 3353 Etcum
713 3288 829 3374 spiritu
846 3299 912 3352 tuo.
927 3289 989 3369 Qui
1006 3289 1127 3355 Versus
1139 3286 1322 3352 non‘dicitur

323 3384 364 3448 ab
380 3403 430 3466 eo,
449 3381 504 3469 qui
531 3404 594 3447 non
619 3394 664 3447 ost
688 3385 801 3447 saltem
825 3383 856 3446 in
880 3382 992 3447 ordino
1015 3383 1219 3462 Diaconatus,
1236 3401 1322 3445 noca

323 3479 633 3564 Diacono,praescntc
642 3476 826 3563 Sacerdote,
838 3479 898 3541 nisi
915 3477 955 3541 dc
971 3478 1054 3542 iilius
1066 3479 1207 3543 licentia.
1220 3478 1250 3542 Si
1261 3475 1323 3562 quis

323 3585 430 3639 autem
445 3571 487 3638 ad
500 3574 692 3638 Diaconatus
708 3573 855 3638 ordinem
877 3596 942 3639 non
964 3575 1162 3660 pervenerit,
1182 3573 1249 3660 ejus
1262 3574 1322 3635 loeo

323 3667 419 3752 dicat,
431 3668 567 3734 Domine
585 3667 701 3733 exaudi
718 3669 896 3733 orationem
912 3690 1016 3732 meam
1033 3692 1043 3752 3
1062 3678 1093 3732 et
1109 3667 1320 3754 respondetur,

321 3764 363 3827 Et
387 3761 508 3828 clamor
532 3786 622 3829 mous
639 3762 679 3828 nd
697 3773 726 3827 tc
742 3763 861 3829 veniat.
887 3761 1011 3827 Deinde
1042 3761 1161 3826 dicitur
1182 3764 1317 3840 Oramus,

322 3869 430 3944 postea
449 3858 579 3924 Oratio:
606 3883 676 3947 quae
692 3860 717 3924 si
734 3860 827 3924 unica
844 3869 967 3924 tantum
982 3858 1118 3939 dicatur,
1135 3861 1253 3927 Versus
1265 3860 1322 3921 Do·

322 3953 427 4016 minus
453 3953 644 4038 vobiscum,
673 3957 725 4019 vel
744 3955 879 4018 Domine
907 3953 1036 4033 exaudi,
1066 3955 1222 4039 ropetitur
1245 3952 1321 4018 finita

321 4046 485 4128 Oratione,
503 4057 670 4133 postquam
687 4048 784 4112 fucrit
800 4069 988 4134 responsum
1017 4048 1133 4113 Amen.
1156 4049 1211 4113 Sin
1227 4057 1320 4112 autem

321 4144 428 4228 plures
445 4141 611 4206 Orationes
624 4140 768 4206 dicendae
784 4143 857 4224 sint,
872 4142 1131 4228 autequamiibet
1146 4144 1318 4208 Orationem
