2806 4736
371 232 401 273 ur
418 231 570 274 aunureas
585 231 762 274 nnavraarr.
1030 217 1071 280 57

68 323 216 484 15ἓιιοειά
229 325 356 389 Missam
375 326 417 392 de
434 329 527 393 Festo
545 325 751 393 tranferendo
771 327 830 392 cfr.
848 341 961 416 quast.
977 333 1019 396 28
1035 343 1068 396 et

103 514 223 596 Quaest.
240 516 316 580 100.
342 520 398 580 Aa
414 517 597 583 inomnibne
610 517 755 581 Eeeieeiia
770 529 798 581 et
816 517 974 584 Oratoriis
995 521 1072 584 eele-

65 609 178 674 brunda
189 622 233 676 eet
247 613 345 676 Missa
360 613 572 678 Salemaitatie
589 609 777 676 translata?

103 705 144 769 R.
169 706 206 769 In
234 706 384 770 omnibus
419 707 569 774 Ecclesiis
599 703 850 787 cathedralibus,
882 710 1071 796 collegiatis,

65 798 300 881 parochialibus
316 811 349 865 et
375 801 655 879 conventualibus,
672 800 733 864 nisi
749 800 781 865 ia
798 799 1075 868 Conventualibus
1195 813 1199 824 '

65 891 256 975 regularium
278 902 312 956 et
339 893 528 959 monialium
545 892 704 958 corrtraria
721 893 829 979 vigeat
851 894 1072 976 consuetud03

66 986 156 1048 etiam
173 986 206 1050 in
222 989 368 1052 oratoriis
391 989 530 1075 publicis
545 989 577 1052 in
601 988 719 1075 quibus
734 990 815 1053 solet
837 989 932 1054 Missa
953 991 1075 1054 cantari

66 1080 223 1190 5¹¹·Fesslisl
241 1103 305 1147 non
326 1093 433 1150 autom
448 1084 481 1147 in
496 1085 566 1148 aliis
583 1083 741 1165 oratoriis,
759 1082 827 1147 sive
846 1083 983 1169 publicis
1007 1083 1075 1147 rive

66 1185 205 1257 prrvatrs.

409 1347 734 1383 ⁴000&—

407 1506 740 1595 ORATIONES

307 1709 553 1775 neccaram
575 1707 835 1773 anarrinon.

256 1899 390 1976 Preces
410 1910 494 1975 ante
518 1911 552 1974 et
572 1909 658 1999 post
691 1899 875 1993 Officium.

110 2102 219 2168 Oratio
235 2102 364 2167 dicendo
378 2114 448 2168 ante
466 2103 605 2167 divinam
624 2101 780 2190 Officiane.
799 2103 910 2187 Aperi,
928 2104 1076 2183 Domine,

70 2218 100 2260 os
130 2218 238 2262 meum
263 2195 304 2261 ad
335 2194 595 2261 benedicendum
632 2218 749 2261 nomen
787 2207 932 2262 sanctum
963 2209 1076 2263 tuum:

69 2289 183 2356 munda
199 2312 330 2378 quoque
356 2312 412 2356 oar
434 2311 543 2354 meum
557 2291 598 2354 ab
615 2291 764 2356 omnibus
784 2291 887 2374 vanis,
905 2293 1076 2376 perversis,
1115 2332 1116 2336 =

71 2397 99 2449 et
117 2386 229 2450 alienis
255 2386 521 2473 cogitationibusr
543 2385 740 2449 intellectum
757 2385 914 2460 illumina,
928 2385 1079 2449 allectum

70 2479 238 2560 inllamma,
253 2488 290 2542 ut
301 2477 411 2566 digno,
428 2488 561 2560 attente,
576 2499 613 2542 ac
628 2475 744 2542 devote
759 2479 822 2542 hoc
837 2477 985 2542 Officium
999 2477 1080 2542 raci-

69 2582 130 2635 tare
146 2573 283 2654 valeam,
302 2582 333 2636 et
348 2570 494 2636 exaudiri
510 2593 636 2636 merear
651 2582 724 2639 ante
740 2581 946 2656 conspectum
961 2569 1078 2636 divinae

70 2665 320 2750 Majestatistuae.
330 2669 393 2731 Per
406 2667 567 2731 Christum
573 2667 746 2730 Dominum
760 2664 1078 2744 castrametamur.

107 2759 254 2841 Domine,
272 2760 306 2823 in
319 2760 440 2823 unione
452 2759 538 2822 illius
549 2756 668 2823 divinae
681 2757 876 2839 intentionis,
890 2778 954 2843 qua
963 2757 1031 2842 ipse
1046 2758 1078 2819 in

71 2852 158 2916 torris
168 2850 282 2918 laudes
296 2855 364 2917 Deo
376 2853 569 2939 persolvisti,
582 2853 640 2916 has
652 2853 710 2916 tibi
728 2852 832 2916 Horas
848 2852 1009 2936 persolvo.

110 2947 289 3013 Orationem
307 2960 479 3035 sequentem
495 2948 598 3013 devote
617 2959 689 3032 poet
713 2946 859 3033 Officium
881 2945 1078 3010 recitantibus

69 3043 123 3106 bea
133 3044 226 3128 Papa
238 3044 275 3108 X.
291 3043 423 3130 depietae
434 3043 574 3128 etenlpaa
587 3045 621 3107 in
636 3040 876 3125 eaperealaenda
892 3062 928 3104 ea
943 3041 1080 3105 humano

69 3136 236 3223 [roptttrare
256 3150 426 3204 contractae
456 3137 600 3204 indulsit.
622 3139 663 3202 Et
692 3136 807 3200 dicitnr
834 3139 958 3201 arnnino
990 3134 1080 3221 plenia

70 3232 203 3316 panibus.
453 3305 456 3310 ,

110 3326 323 3392 Sacrosanatae
350 3338 383 3392 et
408 3325 584 3393 individuae
606 3322 767 3405 Trinitati,
785 3320 928 3386 crucifixi
950 3318 1079 3383 Domini

70 3415 1073 3510 nostriJesuChristihumanitati,beatissimaeetgloriosissimae,

71 3533 257 3603 semperque
263 3517 406 3604 Virginis
418 3517 525 3582 Mariae
537 3513 683 3582 lecundae
698 3510 925 3600 integritati,et
934 3510 1077 3573 omnium

72 3607 256 3674 Sanctorum
272 3610 473 3675 universitati
488 3612 528 3675 sit
540 3610 735 3696 sempiterna
751 3608 832 3689 laus,
848 3605 964 3686 honor,
976 3602 1080 3668 virtus

73 3709 102 3763 et
122 3703 222 3788 gloria
245 3702 287 3768 ab
306 3705 394 3769 omni
419 3715 577 3788 creatura,
599 3703 757 3789 nobisque
777 3700 922 3766 remissio
940 3698 1081 3763 omnium

74 3806 284 3880 peccatorum,
305 3820 364 3883 per
388 3797 511 3864 infinita
533 3800 648 3865 saccula
671 3798 871 3861 saeculorum.
902 3800 942 3874 nl.
962 3791 1078 3857 Amen.

115 3890 157 3963 Ji.
180 3893 279 3957 beata
306 3894 429 3958 viscera
459 3894 566 3959 Mariae
594 3891 749 3980 Virginis,
778 3911 849 3977 quae
872 3897 1082 3973 portaverunt

76 3985 181 4048 aterni
196 3986 300 4050 Patris
315 3987 444 4051 Filium.
461 3993 501 4067 nl.
513 3990 553 4053 Et
564 3989 659 4054 beata
672 3985 785 4065 ubera,
799 4004 870 4069 quae
881 3983 1083 4047 lactaverunt

77 4075 231 4143 Christum
247 4081 432 4170 Dominum.
446 4119 490 4130 -—
500 4082 597 4147 Pater
612 4088 733 4144 noster.
744 4115 783 4126 -
795 4074 864 4142 Avo
881 4075 992 4139 Maria.
