2754 4740
541 189 579 232 DE
602 182 780 233 uurucrlnus
803 181 835 222 ltt
858 176 1082 220 cuuuoutrtonu

310 297 418 378 atico,
436 293 537 380 digito
551 289 593 356 ad
616 287 738 352 labium
755 281 868 347 Calicis
890 300 960 344 earn
977 275 1127 356 adducat,
1157 289 1186 342 et
1203 289 1296 344 sumat

301 401 373 456 ante
391 385 656 475 purificationem,
671 380 723 446 vel
740 374 888 443 infundat
899 375 1023 462 vinum,
1042 382 1073 435 et
1088 382 1198 442 sumat.

345 491 376 553 9.
403 488 436 551 Si
453 485 564 550 Hostia
587 490 660 548 anto
688 475 966 544 Consecrationem
992 471 1175 535 inueniatur
1196 472 1296 552 fracta,

300 585 360 648 nisi
377 582 495 669 populo
512 576 678 645 evidenter
690 580 852 658 appareat,
871 569 941 632 talis
957 568 1070 630 Hostia
1089 578 1295 632 consecretur:

301 681 326 742 si
338 689 450 742 nutem
465 673 652 739 scandalum
668 669 785 754 populo
798 687 864 728 csse
876 663 986 750 possit,
1004 662 1065 726 alia
1083 663 1255 746 accipiatur,
1266 672 1301 724 et

302 777 468 840 otl'craturr
488 769 616 859 quodsi
637 769 722 832 illius
747 765 864 828 Hostias
884 761 953 848 jam
981 771 1049 824 erat
1073 761 1155 826 lacta
1178 762 1298 836 oblatio,

302 892 372 936 earu
397 878 466 954 post
490 859 825 930 ablutionam'sumat.
851 854 946 937 Quod
972 855 998 918 si
1028 865 1102 920 ante
1117 855 1301 918 oblationem

301 966 412 1030 Hostia
429 971 581 1049 appareat
604 959 777 1034 confracta,
804 953 980 1038 accipiatur
1005 955 1107 1014 altera
1130 951 1254 1038 integra,
1275 952 1303 1012 si

301 1060 380 1124 citra
401 1054 599 1134 scandalum,
616 1063 671 1116 aut
682 1054 811 1135 longam
827 1069 949 1110 moram
965 1047 1035 1108 fieri
1054 1045 1181 1130 poterit.

349 1153 402 1216 10.
430 1150 462 1214 si
480 1158 612 1236 propter
627 1147 740 1232 frigus,
766 1144 818 1208 vel
835 1141 1064 1228 negligentiam
1083 1141 1192 1204 Hostia
1207 1161 1309 1204 eonse-

302 1257 389 1311 crata
402 1243 565 1310 dilabatur
580 1244 613 1306 in
636 1241 787 1320 Calicem,
804 1246 975 1322 propterea
992 1235 1072 1298 nihil
1089 1245 1137 1298 est
1156 1236 1308 1298 reiteran-

302 1339 391 1419 dum,
417 1339 472 1402 sed
488 1335 643 1404 Sacerdos
666 1335 793 1398 Missam
809 1339 1034 1417 prosequatur,
1052 1329 1198 1393 faciendo
1214 1350 1309 1392 earc-

301 1435 424 1498 monias
440 1444 472 1498 et
485 1434 575 1520 signa
591 1441 741 1498 consueta
758 1449 831 1493 cum
845 1425 974 1490 residua
991 1435 1080 1509 parte
1096 1426 1224 1505 Hostiae,
1239 1442 1309 1510 quae

303 1551 366 1593 non
383 1539 430 1592 est
445 1527 625 1592 madefacta
641 1526 815 1612 Sanguine,
833 1523 859 1586 si
883 1518 1050 1586 commode
1066 1521 1218 1607 potest.Si
1234 1541 1309 1584 uero

301 1634 366 1688 tota
378 1624 475 1687 inerit
487 1621 676 1700 madefacta,
689 1642 758 1700 ,non
772 1619 918 1682 extrahat
930 1639 1013 1700 eam,
1030 1615 1088 1680 sed
1103 1617 1211 1679 omnia
1226 1614 1312 1678 dicat

302 1715 477 1782 omittendo
494 1719 594 1804 signa,
613 1726 645 1780 et
661 1724 767 1780 sumat
781 1714 900 1800 pariter
915 1712 1036 1797 Corpus
1057 1723 1089 1776 et
1104 1711 1310 1798 Sanguinem,

305 1825 337 1877 et
351 1814 479 1900 signans
494 1835 527 1876 sc
543 1833 617 1876 eum
633 1811 749 1893 Calice,
767 1819 798 1872 ct
823 1807 951 1871 dicens:
982 1805 1103 1892 Corpus
1128 1819 1154 1870 et
1175 1807 1314 1892 Sanguis

302 1909 430 1972 Doarini
444 1910 556 1986 nostri,
574 1917 629 1970 ato.
959 1953 967 1959 .
1172 1925 1174 1930 ¹
1257 1907 1260 1914 “

301 2025 308 2037 ·
347 2005 401 2066 ll.
425 2001 459 2070 Si
484 2003 516 2065 in
530 2002 637 2065 hieme
665 1999 800 2084 Sanguis
816 2000 1003 2086 congeletur
1022 1999 1054 2060 in
1076 1996 1192 2077 Calice,
1209 1997 1315 2060 invol-

305 2107 398 2160 vatur
413 2099 500 2161 Calix
516 2096 628 2181 pannis
644 2093 819 2158 calefactis:
842 2095 866 2158 si
881 2093 914 2157 id
929 2115 994 2157 non
1010 2089 1189 2178 proficeret,
1213 2113 1315 2176 pona-

305 2202 357 2255 tur
373 2193 405 2255 in
421 2192 559 2257 ferventi
574 2210 656 2276 aqua
677 2210 777 2273 prope
801 2192 911 2272 altare,
935 2185 1110 2252 dummodo
1126 2187 1159 2249 in
1176 2185 1315 2250 Calicem

304 2308 368 2350 non
384 2287 491 2368 intret,
506 2285 607 2350 donee
620 2283 774 2370 liquefiat.

347 2383 400 2444 12.
426 2382 459 2445 Si
475 2400 533 2466 per
547 2378 776 2465 negligentiam
800 2376 924 2465 aliquid
948 2377 988 2442 de
1012 2378 1173 2466 Sanguine
1198 2377 1317 2442 Christi

304 2473 466 2558 ceciderit,
490 2475 515 2538 si
542 2472 674 2560 quidem
691 2493 787 2558 super
811 2483 940 2555 terram,
958 2497 1014 2537 seu
1041 2496 1137 2560 super
1159 2473 1317 2549 tabulam,

303 2570 411 2655 lingua
428 2570 598 2648 lambatur,
614 2579 646 2632 et
666 2570 754 2631 loeus
768 2568 835 2652 ipse
852 2565 984 2632 radatur
995 2581 1152 2655 quantum
1167 2569 1243 2633 satis
1257 2580 1318 2649 est,

304 2672 336 2725 ot
348 2663 472 2727 abrasio
489 2662 717 2742 comburatur3
736 2661 815 2725 einis
832 2683 908 2728 voro
925 2663 958 2726 in
975 2664 1148 2727 sacrarium
1164 2661 1321 2729 reconda-

304 2768 367 2821 tur.
379 2759 412 2821 Si
428 2779 506 2822 vero
516 2777 618 2841 super
629 2752 770 2841 lapidem
783 2755 889 2820 altaris
901 2755 1063 2836 ceciderit,
1075 2758 1203 2822 sorbeat
1215 2781 1321 2823 saeer-

308 2850 365 2915 dos
381 2854 510 2931 stillam,
535 2862 567 2915 et
581 2852 670 2914 loeus
690 2850 774 2914 bene
791 2849 951 2930 abluatur,
977 2863 1009 2916 et
1023 2853 1144 2917 ablutio
1161 2854 1193 2916 in
1210 2876 1321 2918 sacra-

305 2947 388 3010 rium
411 2948 610 3032 projiciatur.
637 2947 669 3010 Si
694 2967 790 3030 super
814 2948 947 3010 linteum
971 2949 1090 3026 altaris,
1116 2959 1147 3012 et
1170 2948 1322 3014 adalind

209 3067 215 3074 ‚
304 3041 439 3105 linteum
454 3043 536 3106 stilla
549 3041 749 3127 pervenerim
767 3041 791 3103 si
805 3062 905 3127 usque
918 3040 1113 3120 adientium,
1130 3043 1336 3124 linteamina,

306 3145 355 3199 ter
382 3137 553 3202 abluantur
580 3135 636 3200 ubi
663 3136 746 3199 stilla
764 3134 927 3215 ceciderit,
957 3135 1061 3202 Calioe
1085 3141 1266 3224 supposito,
1292 3153 1325 3206 et

260 3269 261 3272 =
307 3251 389 3320 aqua
403 3231 573 3296 ablutionis
593 3231 625 3292 in
639 3229 811 3294 sacrarium
827 3231 1027 3316 projiciatur.
1045 3231 1139 3314 Quod
1156 3235 1233 3298 siin
1252 3238 1324 3321 ipso

309 3326 411 3389 solum
437 3325 612 3412 Corporali,
639 3335 694 3388 aut
716 3325 741 3386 si
764 3325 796 3386 in
813 3325 954 3389 vestibus
971 3327 1046 3411 ipsis
1065 3327 1325 3395 sacerdotalibus

308 3420 472 3504 occiderit,
492 3421 589 3487 debet
611 3419 758 3483 similiter
770 3419 869 3501 ablui,
896 3430 928 3484 et
951 3421 1072 3487 ablutio
1089 3425 1121 3487 in
1143 3427 1326 3500 sacrarium

307 3515 432 3601 projici.
451 3518 483 3580 Si
500 3519 533 3580 in
548 3517 706 3580 substrato
728 3512 865 3599 pedibus
887 3535 1006 3600 panno,
1023 3519 1075 3584 vel.
1097 3528 1217 3604 tapeto,
1236 3521 1326 3585 bene

305 3609 465 3688 abluatur,
482 3621 640 3697 utsupra.

355 3707 407 3770 la.
432 3704 476 3769 At
490 3705 515 3767 si
538 3708 701 3791 contingat
716 3714 817 3768 totum
839 3705 1034 3790 Sanguinem
1051 3718 1122 3792 post
1144 3708 1328 3778 Consecra-

275 3841 278 3847 Δ
308 3799 427 3863 tionem
444 3798 577 3880 effundi,
603 3801 628 3864 si
652 3798 783 3885 quidem
806 3799 927 3886 aliquid
951 3803 1002 3866 val
1024 3823 1136 3886 parum
1153 3810 1327 3887 remansit,

307 3892 388 3959 illud
401 3906 555 3980 sumatur,
572 3906 604 3961 et
615 3893 764 3960 deeiluso
779 3895 903 3980 reliquo
917 3898 1078 3984 Sanguine
1085 3898 1141 3962 liat
1156 3899 1328 3968 utdictnm

200 4045 201 4050 ,
307 4000 366 4054 est.
384 3991 417 4054 Si
435 4012 513 4058 vero
524 3992 603 4056 nihil
616 3993 746 4056 omnino
758 3993 958 4076 remanserit,
971 4003 1069 4078 ponat
1080 3994 1197 4058 iterum
1211 3999 1328 4064 vinum

309 4095 490 4173 etfflaquam,
505 4096 536 4152 et
548 4097 713 4154 consecret
737 4087 828 4152 abeo
841 4089 923 4170 loeo,
940 4089 1144 4154 Similimodo
1156 4103 1329 4179 postquam
