2806 4736
736 273 838 316 usum.

405 457 520 528 Seorro
536 457 604 527 111.
624 495 674 508 -
694 455 748 524 De
766 455 965 526 Horarum
978 435 1168 549 'partibus

367 670 414 732 De
437 670 582 754 Hymnis.
1101 749 1104 754 Ι

366 762 414 825 De
437 762 640 846 Antiphonis‚
667 759 819 828 Versibus
842 769 873 822 et
893 758 1055 823 Oratione.

366 855 412 918 De
437 855 639 919 Lectionibus
662 854 709 920 ad
729 854 931 917 Matutinum.

517 1057 700 1127 Arrsuorx.
726 1099 774 1109 —
795 1055 852 1126 De
878 1055 1074 1125 Patronis.

369 1269 416 1330 De
431 1268 653 1332 Distinotione·
662 1268 889 1330 Patronorum.

370 1361 416 1426 De
439 1362 502 1424 ritu
526 1383 590 1446 quo
615 1362 795 1426 celebratur
819 1361 946 1426 Festum
971 1362 1112 1424 Patroni.
1243 1371 1248 1378 '

368 1455 415 1518 De
438 1455 536 1518 Festis
561 1477 700 1541 quorum
723 1455 915 1519 solemnitas
937 1454 1142 1520 transfertur.

371 1705 375 1714 ·
453 1663 653 1736 Orationes
673 1668 887 1738 memoriter
908 1665 1129 1738 recitandae.

371 1875 487 1939 Preces
499 1886 573 1940 ente
588 1884 619 1940 et
636 1887 707 1962 post
722 1876 882 1941 Officium.

371 1968 595 2035 Absolutiones
615 1982 647 2036 et
666 1971 911 2036 Benedi'ctiones
933 1973 1076 2038 diceudae
1096 1981 1171 2036 ante

415 2065 579 2130 Lectiones
605 2067 637 2130 in
656 2066 767 2130 Officio
791 2088 907 2131 novem
930 2077 961 2132 et
984 2064 1081 2130 trium
1106 2068 1172 2129 Le-
1401 2129 1402 2142 ,

416 2159 570 2224 ctionum.
1264 2157 1308 2222 58
1401 2209 1402 2212 η

372 2254 487 2318 Preces
499 2257 569 2319 alios
585 2257 618 2319 in
630 2256 725 2320 Horis
738 2257 921 2321 recitandae.
1038 2258 1042 2268 ’
1265 2252 1309 2316 59

736 2464 859 2474 ιι*-

600 2609 981 2703 QUAESTIONES

545 2817 586 2880 IN
611 2816 819 2882 RUBRICAS
843 2818 1036 2884 MISSALIS.

375 3000 583 3063 Prooemium.
1264 3001 1304 3062 61

288 3215 402 3286 Srono
414 3213 446 3284 I.
459 3214 569 3284 —De
584 3215 747 3301 Missali,
765 3214 885 3285 Missa
903 3226 939 3282 et
951 3212 1160 3283 Missurum
1176 3213 1309 3285 distin·

314 3319 539 3394 ctione-de
551 3321 676 3392 Missis
696 3319 740 3394 V
736 3323 847 3391 otiois
860 3361 903 3373 -
922 3334 958 3389 et
968 3344 1041 3416 pro
1056 3315 1274 3414 Defitnotis.

375 3533 422 3596 De
438 3530 594 3597 divisione
614 3531 747 3596 Missalis
760 3532 910 3596 Romani.
1162 3538 1170 3550 ’
1260 3532 1306 3594 62

256 3705 260 3709 ι
375 3628 421 3690 De
434 3625 635 3691 distinctione
651 3628 830 3691 Missurum.
1260 3626 1307 3690 65

374 3722 421 3785 De
441 3719 625 3784 definitione
637 3730 669 3784 et
681 3722 777 3785 variis
797 3721 968 3805 generibus
979 3719 1185 3786 Votivarum.
1261 3722 1307 3785 65

374 3815 422 3878 De
437 3813 559 3879 Votivis
583 3815 724 3899 privatis.
745 3833 751 3847 ‘
1261 3816 1306 3880 68

376 3908 422 3969 De
435 3906 554 3973 Votivis
577 3907 784 3974 solemnibus.
906 3983 909 3990 Ι
1192 3919 1196 3926 “
1261 3911 1303 3973 71

375 4003 422 4066 De
445 4000 637 4085 quibusdam
662 4002 783 4069 Votivis
807 4003 1035 4069 determinetis.
1262 4004 1309 4065 74

377 4097 424 4159 De
444 4095 543 4158 Missis
566 4118 625 4180 pro
642 4098 806 4162 Defunctis
831 4102 864 4162 in
886 4120 1015 4184 genere.
1072 4163 1073 4168 ,
1264 4097 1307 4160 77
