2754 4740
297 236 385 278 arras
408 235 598 277 cananaeum
622 233 747 276 nissen.
988 219 1045 280 181

50 488 134 563 llll.
154 488 208 563 De
225 483 526 561 benedictionem
540 482 613 582 sicce
630 467 766 574 ltltssoe,
789 494 823 559 et
845 484 1051 579 anoopeto'o

382 606 506 682 sorceti
534 607 704 682 loannis.

87 887 116 949 l.
138 886 229 948 Dicto
253 886 298 947 lte
316 885 412 948 Missa
437 893 492 961 est,
520 885 572 948 vel
592 881 813 946 Benedicoonne
840 883 987 961 Domino,
1016 895 1052 948 ut

52 1001 146 1064 supra,
164 979 331 1043 celebrans
344 987 418 1041 ante
434 975 575 1042 medium
589 977 697 1042 altaris
720 976 933 1061 stansjunetis
948 980 1053 1041 mani-

51 1075 102 1136 bus
116 1093 210 1157 super
226 1093 277 1153 eo,
302 1081 335 1136 et
355 1071 458 1156 capite
480 1072 643 1152 inclinato,
672 1068 752 1136 dicit
766 1081 907 1135 secretae
925 1071 1054 1136 Placeat

51 1167 220 1243 attenuata
235 1168 383 1240 tritoitae,
397 1178 467 1246 eta,
477 1187 541 1252 quo
557 1165 655 1245 dicto,
664 1165 803 1230 extensis
818 1165 965 1229 manibus
979 1166 1054 1238 hinc

51 1259 117 1324 inde
144 1282 243 1344 super
266 1262 372 1336 ,altare
400 1261 522 1346 pontis,
551 1261 657 1346 ipsum
680 1261 714 1324 in
736 1257 845 1323 medio
869 1253 1052 1325 osculatur:

50 1365 109 1418 tum
122 1356 248 1440 erigens
261 1376 306 1436 se,
325 1353 645 1420 adhucatansversus
661 1353 753 1434 illud,
764 1355 870 1419 elevat
882 1353 923 1418 ad
939 1356 1054 1419 coelum

50 1451 148 1513 oeulos
175 1460 207 1512 et
233 1471 368 1514 manns:
402 1465 491 1536 qnas'
508 1450 663 1530 extendit,
690 1461 722 1514 et
739 1449 862 1535 jungit,
895 1460 1054 1536 caputque

50 1543 132 1606 Cruci
145 1543 316 1618 inclinans,
329 1542 419 1622 dicit,
430 1567 509 1610 voce
521 1545 735 1630 intelligibili:
752 1544 915 1608 Benedicat
926 1565 979 1608 uae
990 1566 1055 1609 oon·

50 1640 180 1720 utpotena
196 1639 293 1713 Deera,
313 1649 344 1701 et
354 1637 479 1723 jrrnctis
494 1639 655 1716 manibus,
669 1659 706 1702 ac
718 1636 864 1702 demissis
874 1636 916 1701 ad
933 1647 1054 1702 terram

49 1731 151 1813 oeulis,
180 1741 311 1793 vertens
337 1753 370 1794 se
394 1729 435 1794 ad
458 1733 612 1816 populum
635 1731 796 1818 asinistro
825 1733 924 1794 latere
940 1729 982 1794 ad
996 1729 1054 1793 de-

49 1834 158 1902 xtrum,
184 1835 315 1888 extensa
332 1847 428 1888 manu
439 1823 565 1907 dextra,
578 1825 763 1912 junctisque
780 1823 899 1910 digitis,
914 1834 946 1888 et
958 1844 1055 1887 manu

50 1918 167 1980 sinistra
183 1918 267 1984 infra
284 1929 395 2003 pectus
417 1921 532 2004 pinsita,
549 1921 648 1984 semel
671 1915 836 1984 benedicit
863 1919 982 2006 populo
1004 1915 1056 1980 di·

50 2031 138 2074 cens:
156 2013 268 2094 Pater,
282 2025 310 2076 et
321 2015 433 2092 Filius,
449 2014 518 2098 †et
530 2014 667 2098 Spiritus
682 2024 821 2078 canctus.
837 2020 878 2089 at.
896 2013 1009 2093 Amen,
1023 2021 1055 2075 et

52 2106 199 2170 circulum
216 2106 398 2193 perficiens,
408 2106 533 2172 accedit
546 2106 590 2170 ed
601 2106 955 2192 cornuEvangelii,ubi
970 2103 1056 2170 dieto

51 2200 195 2264 Dominus
210 2200 377 2280 nobiscnm,
392 2213 425 2264 et
435 2202 600 2280 rotlitcum
614 2204 730 2286 spirita
741 2212 805 2284 tuo,
820 2202 934 2288 pollice
944 2198 1056 2264 dextro

51 2294 171 2377 signans
186 2295 327 2380 primum
339 2297 429 2382 signo
445 2297 551 2360 crucis
565 2298 666 2360 altare
689 2317 745 2360 seu
760 2297 879 2360 librum
893 2297 926 2359 in
943 2296 1058 2382 princi·

51 2388 98 2470 pio
112 2389 291 2474 Evangelii,
305 2388 424 2453 deinde
439 2391 590 2470 frontem,
601 2401 677 2454 eset
690 2401 802 2480 pectus
814 2391 910 2455 dicite
928 2392 1058 2454 Initium

51 2485 141 2546 saneti
153 2482 323 2569 Eaanpelii
336 2485 502 2548 seeundum
518 2487 682 2568 Joannem,
706 2488 758 2570 vel
778 2487 944 2572 Sequentia
958 2486 1058 2550 saneti

51 2576 219 2662 annpelii,
236 2588 274 2640 ut
294 2576 414 2642 dietum
432 2589 482 2644 est
503 2580 536 2642 in
560 2579 712 2644 Rubrieis
727 2581 951 2666 generalibus,
969 2587 1001 2644 et
1015 2586 1055 2658 nl.

54 2667 155 2734 Gloria
169 2671 239 2753 tibc',
256 2673 398 2751 Domine,
412 2673 537 2759 junctis
558 2673 705 2737 titanibus
728 2675 806 2760 legit
826 2674 1056 2760 Evangelium:

51 2764 84 2824 lo
94 2763 262 2850 principio,
282 2769 333 2830 vel
350 2764 437 2831 aliud
446 2777 483 2831 ut
497 2768 662 2832 convenit.
675 2767 754 2832 Cum
771 2766 850 2834 dicit
863 2769 892 2831 E
894 2779 905 2830 t
921 2767 1058 2832 Verbum

51 2879 113 2922 coro
128 2859 249 2944 sactum
271 2872 325 2942 eet,
355 2862 543 2947 genuflectit
562 2883 674 2926 versus
695 2883 795 2928 cornu
817 2863 994 2948 Evangelii,
1026 2871 1059 2926 et

52 2973 179 3040 surgens
195 2956 402 3042 prosequitur
422 2966 459 3020 ut
476 2957 586 3041 priusr
608 2977 673 3042 quo
696 2956 799 3039 finito,
816 2957 961 3022 minister
973 2967 1059 3029 stans

52 3059 171 3132 aparte
185 3049 334 3133 Epistolae
350 3048 526 3134 respondet
535 3051 601 3114 Deo
622 3053 753 3136 gratias.

90 3144 123 3205 2.
147 3142 182 3206 Si
200 3143 367 3207 'celebrans
388 3144 420 3207 in
447 3144 538 3207 altari
564 3145 661 3208 vertit
687 3145 800 3210 taciem
825 3143 867 3208 ad
888 3146 1057 3234 populum,

53 3255 110 3298 non
125 3236 227 3301 vertit
242 3257 288 3319 se,
306 3234 362 3300 sed
375 3246 460 3300 stans
472 3247 509 3300 ut
526 3245 607 3315 erat,
625 3236 789 3304 benedicit
803 3239 935 3324 populo,
953 3249 990 3304 ut
1004 3260 1059 3303 su·

53 3350 116 3413 pra,
129 3331 163 3394 in
178 3327 289 3394 medio
301 3331 425 3395 altaris:
443 3321 562 3394 deinde
572 3330 695 3397 aceedit
707 3332 748 3398 ad
765 3352 866 3399 cornu
880 3333 1060 3419 Evangelii,

54 3434 82 3488 et
101 3421 183 3488 dicit
197 3425 409 3511 Evangelium
425 3425 525 3488 sancti
536 3425 681 3489 loannis.

91 3519 123 3582 5.
148 3519 184 3582 Si
202 3518 380 3584 celebravit
404 3539 512 3584 coram
533 3519 664 3584 Summo
681 3519 847 3602 Pontiiioe,
878 3514 1059 3598 cardinale,

54 3610 1060 3701 etLegatoSedisApestelicae,velPatriareha,Arehiepisoopo,

55 3715 83 3768 et
96 3708 257 3792 Episcopo
273 3707 307 3772 in
328 3707 506 3793 provincia,
523 3708 664 3790 civitate,
686 3711 739 3774 vel
761 3705 890 3773 dioecesi
914 3729 972 3773 sua
993 3711 1064 3774 exi-

55 3810 164 3881 utente,
183 3802 350 3866 celebrans
366 3799 453 3866 dicto
468 3802 599 3866 Placeat
619 3801 683 3884 tibi,
701 3813 807 3870 concta
826 3805 977 3885 Trinitas,
994 3817 1063 3885 eta,

56 3892 146 3960 dicit:
164 3897 331 3962 Benedicat
345 3916 398 3960 voc
413 3899 604 3983 omnipotens
618 3901 715 3980 Dens,
729 3909 762 3962 et
777 3909 967 3964 convertens
979 3923 1013 3966 se
1024 3899 1066 3964 ad

58 3989 222 4058 Summam
240 3993 428 4059 Pontificem
444 3993 644 4079 genuflexus,
658 3992 699 4060 ad
717 3993 921 4061 Cardinalem
943 4017 1022 4066 vero
1035 4007 1066 4061 et

58 4085 225 4173 Legatum,
239 4090 292 4154 vel
308 4089 406 4153 alium
424 4108 464 4152 ex
479 4087 669 4173 supradictis
684 4090 837 4174 Praelatis,
855 4091 958 4177 capite
974 4091 1067 4156 ineli-

188 4209 275 4249 otest.
287 4208 308 4242 lll
319 4207 370 4240 nte.
517 4215 519 4221 ·
896 4191 936 4256 16
990 4251 991 4254 Ἴ
