2794 4728
390 273 394 282 .
465 239 643 287 rnnvman.
1020 225 1062 292 et»

53 345 188 412 Lectioni
203 343 371 432 adjuncta.
388 344 482 427 Quod
508 347 534 410 si
562 346 677 412 codem
701 346 754 412 dic
784 359 933 415 occurrat
956 352 1062 416 Domi·

53 445 129 524 nica,
161 443 211 507 vel
241 441 336 506 Feria
366 462 437 529 quae
474 440 592 507 babeat
622 443 806 524 Homiliam,
839 465 922 508 nona
951 445 1061 510 Lectio

40 537 152 602 Sancti
169 537 341 620 omittitur,
364 546 396 600 et
411 534 482 621 rjus
500 537 570 602 ioco
587 537 706 624 legitur
720 538 859 603 Humilia
876 540 1060 621 Dominicae,

52 633 97 696 vet
113 630 227 714 Feriae3
242 619 372 696 'scilicet
383 633 435 695 vet
448 629 552 715 prima
563 631 672 696 Lectio
688 629 728 694 de
745 631 896 713 Humilia,
914 635 966 700 rel
998 643 1061 698 tres

52 726 139 789 simui
155 725 189 787 in
207 745 303 788 unam
319 725 503 789 Lectionem
516 724 707 811 conjunctae.

92 821 123 884 t.
147 821 186 882 in
214 819 327 884 Officio
349 820 446 884 trium
480 820 681 903 Lectionum,
706 819 732 884 si
757 819 791 886 fit
814 819 854 885 de
879 823 982 907 Feria,
999 833 1062 890 tres

53 915 213 1000 Lectiones
228 915 380 1001 teguntur
396 911 436 978 de
463 914 639 1000 Scriptura,
664 915 723 978 nisi
741 925 804 980 tres
819 916 882 982 sint
896 916 936 981 de
949 919 1062 983 Homi-

55 1011 103 1087 tia,
119 1008 195 1096 qnia
206 1018 293 1088 tunc,
308 1009 433 1073 omissis
443 1009 648 1074 Lectionibus
662 1007 702 1072 de
719 1010 895 1096 Scriptura,
910 1013 1063 1098 leguntur

55 1103 91 1167 de
104 1101 254 1168 Humilia.
274 1103 307 1167 Si
324 1103 358 1168 fit
373 1102 414 1167 de
430 1104 559 1186 Sancto,
576 1104 630 1191 qui
654 1104 771 1170 babeat
787 1103 867 1170 duas
881 1106 1058 1189 Lectiones,

54 1199 151 1284 prima
178 1209 302 1264 tanturn
333 1199 395 1263 erit
421 1197 461 1262 de
482 1199 658 1284 Scriptura,
689 1209 726 1263 ut
750 1200 800 1265 vet
828 1201 953 1286 legatur
975 1221 1057 1282 una,

53 1294 101 1357 rel
117 1315 155 1356 ex
176 1294 277 1358 tribus
292 1294 387 1358 simul
398 1292 520 1380 junctis
535 1293 590 1358 fiat
604 1315 669 1359 una
687 1314 697 1358 t
714 1293 854 1359 secunda
870 1305 902 1359 et
917 1295 1007 1360 tertia
1021 1293 1062 1359 de

53 1386 178 1451 Sancto.
204 1387 237 1451 Si
252 1407 351 1451 unam
364 1397 488 1452 tantum
505 1386 666 1466 babuerit,
687 1388 738 1452 ret
764 1387 937 1474 propriam,
953 1389 1005 1452 rel
1022 1409 1060 1452 cx

53 1479 217 1545 Communi
229 1482 433 1569 assignatam,
450 1481 551 1568 prima
569 1491 601 1546 et
616 1479 756 1547 secunda
772 1491 867 1547 erunt
893 1480 934 1545 de
957 1483 1060 1569 Scrip-

53 1585 129 1660 tura,
148 1578 242 1642 tertia
268 1576 309 1642 dc
326 1579 459 1642 Sancto:
484 1577 691 1667 quodetiam
716 1585 861 1642 seruatur
890 1577 922 1642 in
950 1577 1061 1644 Officio

52 1673 152 1738 Bratae
166 1674 273 1738 Maria
289 1674 322 1738 in
339 1674 493 1738 Sabbata.
523 1736 527 1745 ,

91 1767 122 1829 5.
147 1767 314 1831 Lectiones
330 1777 435 1832 autem
455 1765 496 1831 de
523 1766 699 1852 Scriptura,
718 1765 750 1830 in
772 1765 884 1830 Officio
910 1764 951 1830 dc
966 1769 1060 1832 Tem·

52 1882 124 1946 pore
141 1863 189 1927 sic
205 1862 381 1927 distributa
393 1873 467 1928 sunt
482 1883 541 1948 per
553 1881 684 1938 annum,
709 1869 745 1923 ut
765 1858 908 1946 quotidie
937 1859 1061 1948 aliquid

51 1976 87 2018 ex
102 1979 137 2020 ea
154 1959 292 2045 tegatur,
309 1958 404 2022 etiarn
421 1959 453 2023 in
469 1957 581 2022 Officio
607 1954 648 2019 dc
665 1953 800 2037 Sanctis,
829 1953 959 2041 quando
990 1957 1060 2020 ntiae

51 2049 96 2135 (nt
110 2049 233 2116 dictum
250 2051 308 2130 est)
320 2073 382 2115 nou
399 2053 612 2138 assignantur.

91 2145 122 2208 6.
146 2145 245 2209 Initia
259 2144 431 2209 Librorum
448 2147 551 2210 Sacrae
567 2145 751 2230 Scriptura,
764 2145 834 2232 (qui
850 2147 917 2210 t'ere
934 2167 1060 2233 semper

52 2238 80 2301 in
94 2240 270 2306 Dominicis
287 2240 493 2308 inchoanturt
516 2238 627 2304 codic
653 2250 827 2325 ponuntur,
859 2261 923 2328 quo
952 2251 1059 2306 notata

51 2345 130 2414 sunt,
149 2336 247 2400 etiam
259 2336 285 2400 si
298 2335 352 2400 fiat
367 2335 515 2401 Officium
530 2333 571 2398 de
585 2335 701 2399 Sancto
708 2357 716 2417 3
747 2334 807 2398 nisi
823 2335 856 2397 in
872 2335 963 2399 Festo
990 2335 1059 2398 alia

51 2429 183 2515 propriae
196 2429 417 2512 Lectiones,de
426 2431 657 2516 Scriptura,vet
670 2428 710 2493 de
720 2430 887 2493 Communi
900 2430 1059 2516 assignem
1180 2451 1184 2458 ’

51 2531 115 2585 turc
132 2533 213 2590 tunc
228 2523 313 2587 enim
326 2523 451 2588 initium
464 2524 623 2588 Lectionis
635 2523 675 2587 tle
689 2523 854 2610 Scriptura
869 2526 1060 2588 transfertur

51 2613 282 2703 insequentem
297 2616 384 2682 diem
405 2618 552 2684 similiter
566 2640 631 2683 non
656 2616 862 2704 impeditam
888 2630 920 2683 et
933 2619 1059 2683 Lectiu-

51 2730 100 2773 nes
116 2713 162 2775 itti
176 2710 242 2775 diei
255 2711 422 2778 decadem
439 2715 602 2800 Scriptura
617 2714 795 2801 assignatae,
813 2715 865 2780 rel
882 2735 954 2778 curn
966 2735 1058 2800 supc-

50 2804 184 2871 rioribns
200 2808 405 2873 Lectionibus
421 2811 581 2896 legantur,
597 2811 649 2876 vel
665 2810 870 2893 omittantur3
889 2810 932 2874 ita
946 2821 1058 2876 utnon

51 2913 192 2984 oporteat
209 2921 262 2966 eus
278 2905 414 2989 amplius
430 2905 461 2966 in
478 2905 541 2969 aiio
557 2906 702 2991 sequenti
733 2902 786 2968 dic
809 2925 983 2989 resumere,
1001 2903 1057 2969 scd

51 2990 104 3056 ittae
130 2997 294 3084 legantur,
322 3019 402 3084 quaa.
419 3019 476 3061 sua
501 3019 630 3086 quaque
646 2997 699 3062 die
715 3010 900 3081 occurrunt,
915 3012 1056 3067 autenm

50 3085 165 3152 eisdem
177 3088 369 3176 jungantur.
394 3090 489 3172 Quod
513 3114 640 3179 semper
658 3103 816 3175 servetur,
834 3093 964 3181 quando
980 3097 1058 3160 Lec·
1176 3105 1178 3110 '

50 3179 144 3246 tiones
156 3195 363 3250 occurrentes
378 3185 419 3250 de
435 3187 598 3272 Scriptura
616 3190 724 3276 aliquo
740 3188 793 3253 die
809 3190 1012 3256 omittuntur.

86 3279 117 3340 7.
127 3278 209 3343 Cum
222 3290 329 3345 antem
345 3281 471 3345 initium
483 3282 622 3369 alicujus
631 3284 777 3368 Epistotae
788 3283 957 3349 Catholicae
968 3285 1058 3348 Tem·

49 3392 118 3455 pore
143 3375 306 3457 Pascbati‚
330 3387 385 3441 aut
412 3377 550 3463 alicujus
579 3378 747 3463 Propheta
783 3378 915 3441 minoris
948 3398 1057 3442 mense

51 3467 233 3552 Novembri,
250 3470 333 3534 inira
349 3469 593 3536 Hebdomadam
610 3474 737 3537 illorum
754 3473 946 3558 Temporum
959 3473 1056 3558 impe·

49 3558 129 3627 ditur
151 3563 266 3651 atiquo
289 3567 382 3631 Festo
398 3587 514 3633 norem
541 3567 728 3631 Lectionum
751 3566 891 3631 habente
913 3567 1058 3652 proprias
1181 3619 1186 3630 .

50 3655 212 3723 Lectiones
224 3656 265 3722 dc
278 3659 440 3745 Scriptura
453 3683 461 3725 ε
479 3659 601 3726 dietum
618 3660 745 3724 initium
755 3661 916 3745 Epistola,
929 3671 961 3723 et
971 3662 1055 3724 Pro·

49 3753 155 3834 pbctae,
174 3752 283 3842 quoad
297 3754 467 3820 commoda
483 3756 552 3820 fieri
565 3757 693 3842 poterit,
711 3765 849 3840 ponatur
862 3755 894 3818 in
910 3755 1055 3841 sequenti

48 3845 143 3928 Faria,
159 3852 225 3914 alio
236 3847 333 3917 simili
347 3851 438 3915 initio
450 3851 622 3936 Scriptura
636 3848 799 3936 ponendo,
812 3849 867 3914 'rel
883 3849 976 3912 Festo
990 3869 1053 3912 non

50 3937 207 4026 impedita,
230 3944 373 4030 alioquin
387 3944 417 4006 in
435 3942 626 4029 procedenti
643 3943 791 4007 similiter
804 3964 868 4006 non
885 3938 1051 4028 impedita,

49 4031 85 4098 ita
101 4047 137 4101 nt
149 4038 260 4124 atiquo
273 4035 368 4102 modo
383 4047 533 4125 ponatur,
552 4039 647 4104 etiam
663 4037 689 4102 si
701 4037 794 4122 plura
818 4035 907 4100 initia
937 4032 1051 4100 codem

49 4123 94 4192 die
105 4132 180 4216 poni
196 4142 360 4216 oporteat.
