2806 4736
351 257 384 299 rn
407 255 560 300 anseisus
583 259 732 304 armenis.
1012 237 1055 300 95

35 363 302 437 Commemoratis
325 361 474 446 specialis
497 361 549 426 uel
571 363 752 430 communis
780 363 866 428 iltius
897 361 1050 448 Mysterii,

37 466 119 529 iltius
141 458 251 526 Sancti
280 455 321 520 de
351 476 417 542 quo
446 455 541 520 Missa
567 457 763 539 celebratur,
783 459 836 525 vel
852 455 946 543 cujus
967 454 1003 520 fit
1021 455 1054 518 in

40 559 130 624 Missa
147 550 433 622 commemoratio.
449 549 521 633 Qua
537 548 578 614 de
595 573 691 618 causa
707 553 802 640 jubet
816 551 972 631 Rubriae,
989 551 1052 616 Tit.

40 654 93 729 tx,
103 671 135 714 n.
145 648 201 730 15,
214 655 251 710 ut
265 647 298 708 in
316 643 348 708 V
347 645 438 708 orion
454 643 490 708 de
500 644 662 730 Apostolis
674 648 772 714 Petro
788 658 815 712 et
827 643 945 723 Panic,
959 667 1055 732 qaan-

41 747 75 809 do
85 745 217 829 ponitur
242 738 353 805 Oratio
368 736 397 805 A
412 740 547 820 cunctis,
569 740 683 828 inqua
711 738 901 808 eorumdem
916 737 1055 824 Aposto-

40 842 142 904 lorum
163 837 280 900 iterata
299 832 490 914 timentia,
520 838 588 916 ejas
604 834 669 901 ioco
694 835 817 902 dicatur
841 834 952 901 Oratio
967 831 1004 898 de
1017 832 1053 896 S.

44 934 143 1000 Morio
165 927 313 997 Concede
328 948 386 992 nos
401 927 573 994 iamumlos
588 939 672 997 tuos.

83 1024 285 1111 Hoecregula
301 1023 409 1087 locum
425 1022 607 1090 nonhabet
634 1024 667 1089 in
697 1022 905 1089 Orationibus
932 1020 1057 1087 Votivis

46 1141 124 1206 quas
154 1115 307 1183 sacerdos
321 1138 381 1203 pro
397 1117 492 1183 libitu
520 1140 578 1182 suo
604 1116 726 1184 addere
749 1128 866 1207 potest,
889 1135 995 1203 neque
1021 1115 1055 1179 in

47 1212 255 1278 Orationibus
278 1212 457 1297 imperatis.
474 1211 568 1278 Unde
591 1214 674 1278 nihil
700 1213 801 1279 refert
823 1209 912 1299 quod
938 1211 972 1273 in
994 1209 1057 1272 iilis

42 1307 251 1380 Orationibus
263 1306 378 1369 iterata
392 1305 576 1372 fiatmentio
592 1307 678 1372 iilius
689 1305 731 1371 de
747 1327 811 1392 quo
827 1306 860 1370 in
877 1300 1058 1391 preceden-

45 1402 130 1468 tibiis
136 1401 208 1488 jam
220 1401 306 1466 ia'cta
321 1409 381 1478 cst.

82 1616 112 1709 ξ.
130 1612 167 1688 5.
189 1614 254 1688 Dc¹
267 1613 506 1688 Orationibus
519 1613 737 1708 qaibrrsdant
750 1613 1016 1687 determinatis.

468 1815 505 1900 (t
508 1815 543 1878 it.
557 1815 629 1896 IX).

433 2015 468 2100 a)
489 2016 523 2082 A
544 2021 672 2082 cunctis.

88 2224 211 2307 Quaest.
230 2222 306 2286 176.
327 2220 413 2301 Quid
425 2232 470 2284 est
483 2219 635 2286 OratioA
650 2220 799 2286 cunctis?

88 2321 132 2383 R.
148 2319 206 2382 Est
222 2316 333 2381 Oratio
352 2312 393 2378 ad
409 2313 573 2400 poscenda
592 2314 745 2404 suffragia
770 2316 961 2381 Sanctorum
989 2338 1062 2382 cor-

48 2408 248 2498 respondens
265 2408 433 2497 Suffragiis
448 2410 517 2476 sive
534 2408 902 2475 commemorationibus
916 2432 1062 2476 commu·

48 2508 142 2572 nibus
157 2526 230 2593 quoe
240 2505 323 2569 fiunt
338 2505 371 2568 in
382 2505 490 2587 Horis,
508 2505 632 2570 scilicet
646 2501 687 2568 de
701 2504 863 2587 B.,n.v.,
878 2506 912 2569 S.
927 2505 1059 2590 ioseph,

49 2597 1059 2686 SSApostolisPetroetPaulo,S.TituiariEccicsiae‚dePaoe;

49 2697 92 2760 sic
107 2696 195 2758 enim
212 2702 305 2758 sorsat
318 2715 326 2756 ι
339 2693 373 2757 A
388 2697 505 2759 sanctis
521 2714 590 2773 nos,
607 2714 783 2780 qaaesamns
800 2695 942 2771 Domine,
952 2697 1062 2758 mantis

50 2803 76 2853 et
101 2793 242 2874 corporis
273 2788 400 2876 defende
419 2788 588 2874 periculis:
618 2801 657 2867 et,
681 2790 881 2854 intercedente
910 2791 1007 2852 Beata
1036 2801 1064 2852 ct

47 2885 184 2969 qioriosa
207 2905 327 2968 semper
350 2884 484 2969 Virqine
500 2885 561 2948 Dei
573 2887 721 2968 yenitrice
744 2884 857 2960 Maria,
874 2904 947 2946 cum
962 2884 1062 2947 Beato

47 2977 166 3063 Joseph
199 2999 269 3042 cana
285 2979 391 3042 Bootis
405 2977 566 3063 Apostoiis
589 2981 651 3042 tois
672 2979 770 3042 Petro
786 2990 814 3042 et
829 2978 947 3056 Panto,
972 2990 1064 3065 atque

48 3074 143 3137 Beato
172 3072 584 3152 anconitanensem,
608 3073 739 3138 salntem
769 3073 856 3138 nobis
886 3073 986 3138 tritae
1014 3074 1062 3138 bs-

49 3168 165 3249 niqnas
192 3177 221 3230 et
242 3187 367 3251 paeana·
383 3178 418 3230 nt
438 3168 602 3232 destructis
629 3166 865 3232 adversitatibus
892 3179 920 3231 et
949 3172 1064 3232 errori-

47 3258 102 3323 bas
135 3263 293 3326 uniuersis
323 3262 461 3326 Ecclesia
484 3274 539 3327 tna
567 3283 677 3327 secare
704 3262 761 3326 tibi
777 3264 891 3326 serviat
911 3261 1061 3327 libertate.

47 3355 112 3418 Per
125 3357 266 3420 eamdem
278 3359 458 3440 Dominam,
477 3369 539 3423 etc.
565 3383 581 3419 c

89 3453 230 3516 Decreta
245 3453 265 3514 7
281 3453 359 3518 Juiii
376 3455 458 3518 1871
478 3454 512 3518 S.
528 3456 569 3518 Ι).
587 3455 627 3518 Ν.
644 3454 721 3518 Pius
736 3455 774 3517 P.
790 3454 835 3517 lX
856 3451 984 3516 statuit:
1000 3455 1061 3518 Vo-

47 3545 153 3611 inmas
178 3549 308 3630 insuper
332 3549 415 3634 qaod
439 3553 473 3613 in
504 3548 656 3615 Oratione
671 3548 700 3614 A
715 3549 838 3613 eunctis
852 3547 1072 3634 ‹quandonam-¹

48 3660 103 3722 qne
134 3639 295 3703 recitanda
320 3644 389 3724 erit,
407 3643 577 3731 arijr‘ciatnr
601 3663 719 3727 semper
740 3654 812 3727 post
842 3645 1062 3706 invocationem

46 3733 84 3794 B.
102 3735 149 3796 M.
169 3733 213 3797 V.
234 3745 261 3797 et
283 3747 353 3798 ante
374 3758 581 3824 quassataque
599 3737 678 3801 aiios
693 3736 728 3801 S.
745 3737 914 3817 Patronos,
933 3743 1062 3823 exceptis

44 3826 178 3912 Anqeiis
191 3839 219 3890 et
233 3827 268 3892 S.
285 3830 406 3895 «Ioanne
419 3833 577 3916 Baptista,
604 3828 860 3896 Commemoratio
882 3829 917 3893 S.
934 3831 1064 3917 Josepiei

46 3940 101 4001 per
117 3921 182 3984 bac
200 3921 293 3985 verba
315 3944 389 3988 eum
403 3926 505 3990 Beato
520 3923 654 4008 ioseph.

89 4015 214 4096 Quaest.
233 4017 310 4083 177.
340 4018 440 4107 anas
468 4021 577 4085 Sancti
591 4021 739 4084 memoria
763 4017 922 4083 recolenda
949 4034 993 4086 est
1022 4025 1062 4088 ad

48 4106 185 4172 litteram
202 4109 274 4182 Ν..ρ
983 4107 985 4112 ’
