2750 4738
450 352 624 398 susurnam.
832 353 835 362 ’
1001 329 1039 394 ut

88 461 116 524 5.
139 461 293 539 Psalmus,
307 456 520 535 Confitcmini‚
534 454 653 521 dicitnr
666 451 706 518 sd
723 454 831 519 Prima
841 475 872 516 m
885 473 958 518 eum
970 455 1041 520 aliis

54 556 169 620 Psalmis
194 555 227 618 in
246 553 401 618 Psalterio
429 551 608 640 assignatis,
637 551 670 614 in
695 549 845 613 omnibus
872 549 1046 616 Dominicis

52 647 178 737 (quando
192 649 341 714 Officium
355 647 390 712 lit
405 645 445 710 dc
464 645 642 726 Dominica,
659 655 695 710 ut
706 646 739 708 in
755 644 929 728 Psalteri03
951 647 1046 712 etiam

54 746 80 808 in
93 744 259 810 Dominicis
279 765 350 830 quaa
366 750 539 806 occurrunt
553 741 636 804 iufra
651 740 786 806 Octavus
809 741 1014 826 Sanctorum)
1029 763 1048 808 a

53 841 132 904 tertia
155 839 322 903 Dominica
348 845 420 922 post
441 839 651 901 Pentecosten
677 835 844 916 inclusive,
877 855 980 924 usque
1007 834 1046 902 ad

53 935 242 998 Nativitatem
264 933 392 997 Domini
415 930 595 1010 exclusisse
621 939 653 994 et
681 927 861 993 asecunda
883 931 1049 996 Dominica

53 1039 112 1114 post
124 1028 335 1114 Epiphaniam
346 1027 513 1103 inclusive,
530 1044 632 1112 usque
647 1022 687 1089 ad
700 1025 975 1110 septuagesimam
992 1048 1049 1090 ex·

53 1124 178 1188 clusine:
204 1143 221 1185 a
247 1121 488 1207 septuagesima
510 1130 617 1184 antem
639 1117 799 1206 usquead
822 1121 955 1204 Pascha,
980 1119 1050 1206 ejus

53 1220 112 1282 loco
126 1217 243 1282 dicitur
268 1217 424 1295 Psalmus,
443 1215 597 1278 Dominus
618 1213 776 1300 regnavit,
802 1215 876 1301 quia
890 1217 1047 1299 Psalmus,

55 1310 255 1391 Confitemini,
274 1321 348 1374 tunc
363 1307 481 1374 dieitur
496 1306 537 1372 ad
548 1307 674 1373 Laudes
690 1318 761 1394 post
774 1308 948 1392 Psalmnm,
960 1311 1051 1375 Mise-

53 1429 126 1485 rere,
142 1417 177 1470 ut
204 1426 262 1469 suo
288 1407 357 1469 loco
374 1405 513 1492 punitur.
534 1405 573 1467 In
595 1402 769 1467 Dominicis
791 1425 871 1468 uero
886 1405 1052 1491 Temporis

52 1502 250 1580 Paschaiis‚a
274 1500 438 1564 Dominica
464 1500 496 1563 in
517 1496 608 1562 Albis
622 1497 789 1577 inclusive,
807 1519 910 1585 usque
933 1499 973 1564 ad
991 1500 1052 1565 As-

53 1597 225 1660 censionem
241 1595 414 1676 exclusive,
439 1592 591 1658 dicuntur
605 1602 728 1657 tantum
747 1602 810 1656 tres
836 1595 954 1659 Psalmi
971 1596 1053 1661 sieut

53 1690 81 1754 in
103 1691 213 1769 Fastis,
226 1688 336 1754 additu
356 1689 507 1778 Symbola
524 1687 631 1752 Sancti
659 1686 836 1751 Athanasii.
854 1686 917 1752 Alii
933 1690 1051 1755 Psalmi

53 1807 102 1868 par
119 1786 260 1868 singulas
275 1784 383 1848 Terias
399 1782 559 1847 distributi
581 1780 623 1846 ad
644 1781 798 1863 Primam,
821 1780 972 1848 dicuntur
987 1785 1054 1848 sin·

53 1881 112 1965 guli
132 1883 202 1945 loeo
227 1879 358 1959 Psalmi,
377 1877 590 1956 Confitemini,
610 1877 642 1939 in
657 1875 773 1938 Feriuli
790 1886 913 1941 tautum
928 1879 1051 1956 Olliciu,

53 1973 171 2058 quando
181 1971 227 2039 vde
238 1974 330 2037 Feria
342 1974 448 2060 agitur
461 1982 549 2036 extra
565 1972 703 2055 Tempus
720 1971 887 2034 Paschalc.
901 1973 939 2036 ln
953 1974 1054 2038 Feriis

55 2089 121 2134 vero
134 2069 300 2154 Temporis
314 2068 487 2146 Paschaiis,
497 2067 530 2129 in
545 2066 646 2130 Fastis
663 2087 720 2150 per
734 2086 868 2146 annum,
879 2077 910 2130 ct
926 2067 959 2130 in
973 2068 1055 2133 Sah-

53 2163 130 2244 bato,
145 2165 214 2230 sive
229 2161 270 2226 de
292 2163 408 2226 Sancta
432 2161 543 2236 Maria,
561 2160 627 2224 sive
650 2156 691 2222 de
711 2160 803 2225 Feria
825 2162 880 2225 liat
894 2161 1053 2244 Officium,

54 2255 195 2322 dicuutur
212 2267 334 2322 tantum
350 2267 414 2321 tres
429 2255 558 2332 Psalmi,
582 2254 724 2318 scilicet:
754 2256 840 2319 Deus
867 2255 899 2318 in
926 2257 1056 2320 nominc

55 2360 111 2433 tuo,
127 2353 220 2417 Beati
233 2351 440 2430 immaculati,
458 2360 491 2414 et
505 2349 683 2432 Retribue;
704 2349 799 2412 etiam
812 2350 838 2412 si
855 2350 983 2414 Festum
993 2352 1056 2416 Du·

54 2447 119 2528 pler
130 2447 313 2512 celebretur
324 2447 356 2508 in
372 2444 550 2510 Dominica.

90 2543 121 2605 l.
144 2544 182 2606 In
194 2541 369 2605 Dominicis
381 2551 501 2621 autem,
519 2539 648 2625 quando
664 2540 811 2606 Officium
833 2541 866 2604 fia
882 2539 922 2605 de
946 2542 1057 2606 Domi-

54 2635 116 2700 nica
130 2647 167 2701 ut
182 2638 215 2699 in
230 2635 403 2718 Psalterio,
425 2646 494 2721 pust
509 2633 653 2700 Psalmos
669 2635 799 2700 additur
815 2657 942 2720 semper
965 2639 1056 2724 Sym-

55 2731 154 2795 bolum
171 2731 282 2795 Sancti
297 2728 474 2808 Athanasii,
497 2731 715 2812 Quicumque,
732 2740 767 2794 ut
783 2731 865 2794 inira
881 2731 913 2792 in
930 2732 1058 2818 propria

54 2826 188 2890 Rubrica
205 2824 334 2888 dieitur.

92 2921 121 2984 5.
145 2919 266 2985 Psalmi
295 2919 467 3001 Horarum,
492 2920 613 2983 scilicet
640 2919 680 2982 ad
701 2919 852 3002 Tertiam,
883 2921 1010 2985 Sextum
1027 2933 1058 2986 et

55 3014 181 3093 Nonam,
195 3026 227 3079 et
243 3012 284 3078 ad
304 3013 569 3098 Complatorium,
604 3035 779 3100 numquam
809 3024 984 3092 mutantur,
1025 3027 1059 3080 ut

56 3109 82 3169 in
96 3110 263 3187 Psalteri0,
288 3109 355 3173 sive
372 3105 412 3171 dc
429 3110 563 3188 Sanctis,
588 3110 656 3174 sive
679 3107 720 3171 de
743 3110 898 3195 Tempore
914 3109 968 3173 fiat
981 3111 1058 3174 Offi-

57 3223 145 3268 crtum.

94 3300 123 3361 6.
147 3297 268 3362 Psalmi
280 3295 320 3358 de
334 3296 509 3376 Dominica,
523 3294 564 3360 ad
579 3298 749 3383 Vesperas,
767 3307 803 3361 ut
821 3298 991 3382 plurimum
1009 3297 1059 3362 di·

57 3402 163 3456 cuntur
178 3394 211 3456 in
228 3392 379 3477 Vesperis
394 3393 572 3475 Fastorum,
591 3403 724 3478 excepto
740 3393 865 3471 ultimo,
884 3393 938 3479 qui
959 3405 1059 3458 muta·

56 3496 110 3568 lur3
134 3511 208 3553 cum
224 3509 301 3553 vero
325 3486 419 3550 aliter
442 3487 511 3550 fieri
536 3485 647 3568 debet,
675 3488 739 3551 suis
758 3487 836 3550 locis
862 3498 1000 3552 notatur⁴
1022 3491 1059 3554 In

56 3581 197 3667 Vesperis
214 3583 297 3646 inira
314 3582 484 3661 Octavam,
502 3580 653 3668 dicuntur
667 3583 797 3658 Psalmi,
816 3591 850 3644 ut
866 3582 898 3644 in
913 3581 1060 3648 secundis
1123 3645 1126 3649 .

55 3677 197 3762 Vesperis
213 3677 319 3760 Fesu3
338 3675 443 3740 sedin
465 3676 575 3760 primis
590 3676 740 3760 Vesperis
761 3674 825 3737 diei
848 3677 987 3756 Oetavae,
1014 3677 1060 3742 di·

56 3783 162 3835 cuntur
176 3783 213 3836 ut
228 3772 261 3834 in
279 3771 388 3856 primis
407 3772 558 3855 Vesperis
572 3771 674 3853 Festi,
692 3771 753 3832 nisi
769 3770 861 3834 aliter
876 3781 1015 3837 notetur.

92 3869 122 3929 7.
147 3871 185 3930 In
207 3867 270 3930 linc
293 3867 504 3948 Psalmorum,
527 3887 653 3950 semper
674 3863 802 3944 dicitur,
831 3865 939 3930 Gloria
961 3868 1060 3946 Patri,

56 3971 260 4049 praeterquam
277 3961 308 4022 in
336 3962 476 4039 Psalmo,
498 3963 583 4024 Deus
599 3961 684 4023 Deus
700 3981 801 4043 meus,
820 3958 860 4022 ad
878 3959 965 4026 tede
991 3963 1061 4024 lucc

57 4055 158 4140 vigilo,
174 4065 206 4119 nt
220 4057 252 4117 in
265 4057 403 4136 Psalmo,
418 4055 561 4119 Laudate
573 4055 744 4118 Dominum
756 4053 797 4118 de
810 4055 907 4132 omlis,
922 4055 977 4141 qui
989 4077 1061 4118 con·

55 4146 229 4235 junguntur
244 4171 318 4213 cum
341 4151 410 4214 aliis
432 4151 589 4231 Psalmis,
618 4159 650 4212 et
676 4149 707 4213 in
731 4150 794 4213 fine
817 4150 921 4214 ultimi
939 4159 1061 4214 tantum

60 4239 179 4324 dicitur,
195 4244 314 4325 Gloria,
331 4255 365 4311 ut
378 4245 441 4310 suis
456 4246 532 4310 locis
545 4255 684 4327 natatur.
698 4247 855 4312 Praeterea
870 4267 933 4312 non
946 4243 1063 4312 dicitur
