2764 4742
427 264 618 309 nonnarum.
1013 251 1034 313 9

11 371 176 438 Ordinarii
199 377 342 438 locorum
356 378 573 462 suspensionis
585 399 603 442 a
617 377 747 457 divinis,
766 402 803 445 ac
814 379 975 446 interdicti
991 386 1034 446 ab

11 469 158 555 ingressu
180 471 342 551 Ecclesiae,
366 493 479 536 eorum
498 495 577 539 vero
599 473 719 542 Viearii
746 475 934 560 privationis
948 475 1035 539 simi-

11 563 82 627 liter
105 563 288 628 officiorum
313 574 345 629 et
367 565 598 631 beneficiorum
616 589 759 650 suorum,
777 578 809 632 et
825 569 1035 634 inhabilitatis

12 657 51 720 ad
78 659 149 736 illa,
173 669 207 723 et
240 661 314 738 alia,
346 661 378 722 in
415 670 579 745 posterum
601 662 789 745 obtinenda,
816 683 854 728 ae
878 673 1034 749 preterea

13 754 354 820 excommunicationis
366 755 488 842 absque
502 758 565 821 alia
575 755 842 836 declarationem
853 759 1033 843 praeiertur,

12 868 121 930 poenas
134 848 302 914 incurrant
317 871 355 913 eo
372 851 454 936 ipso.
469 850 617 916 Ceterum
632 874 810 939 pauperum
825 853 1034 936 Clericomm,

14 952 43 1006 et
57 943 199 1008 aliarum
214 966 424 1030 personarum
436 947 743 1027 Ecclesiasticarum,
757 968 794 1012 ac
805 948 1035 1034 Typograpbo·

12 1056 83 1100 rum
107 1047 142 1100 et
167 1037 425 1123 Bibliopolarum
450 1061 729 1127 quorumcumque
756 1039 974 1105 indemnitatis
995 1061 1036 1104 ex

13 1129 215 1218 benignitate
231 1133 416 1218 Apostoliea
436 1135 592 1200 rationem
616 1133 784 1215 babentes,
818 1132 938 1199 eisdem
953 1136 1035 1199 Bre-

14 1224 114 1288 viaria
145 1227 303 1292 hactenus
325 1228 480 1312 impressa
504 1250 604 1313 penes
633 1251 667 1293 se
698 1229 906 1306 habentibus,
937 1237 974 1291 ut
1000 1248 1038 1290 ea

15 1319 169 1403 retinere,
193 1331 227 1384 et
248 1323 310 1386 illis
326 1322 385 1403 uti,
404 1343 506 1409 eaque
521 1321 664 1388 vendere
694 1322 876 1408 respective
902 1321 1037 1406 possint,

16 1413 164 1478 similiter
190 1417 418 1500 permittimus,
447 1426 479 1480 et
501 1415 719 1504 indulgemus.
742 1417 812 1480 Non
838 1413 1040 1478 obstantibus

15 1506 167 1590 licentiis,
206 1508 352 1592 indultis,
381 1521 414 1575 et
442 1511 622 1598 privilegiis
651 1511 912 1598 quibuscumque
938 1509 1039 1593 Typo·

17 1601 147 1686 grapbis
170 1603 328 1668 haetenus
343 1625 402 1689 per
416 1625 487 1686 nos,
504 1625 561 1668 seu
577 1606 741 1670 Romanos
767 1603 940 1667 Pontifices
956 1621 1040 1686 prra-

17 1692 203 1761 decessores
233 1708 357 1762 nostros
374 1699 576 1763 Breviarium
606 1695 792 1784 predictum
818 1697 868 1762 Pii
883 1697 912 1762 V
929 1696 1041 1782 impri-

17 1789 124 1854 mendi
142 1793 317 1874 concessis,
333 1813 404 1877 quae
416 1814 475 1877 par
489 1803 661 1879 praesentes
672 1813 822 1877 expresse
838 1810 1038 1872 revocamus,

19 1895 48 1948 et
68 1898 223 1951 revocata
257 1889 513 1967 essevolumus,
546 1910 671 1952 necnon
701 1887 982 1952 constitutionibus
1008 1895 1041 1947 ct

19 1977 278 2046 ordinationibus
291 1980 483 2068 Apostolicis
503 1982 722 2069 generalibus,
740 1991 772 2046 et
787 1979 993 2067 specialibus,
1006 1978 1039 2041 in

20 2080 218 2142 contrarium
230 2079 465 2163 praemissorum
476 2077 780 2165 quomodocumque
790 2075 1042 2153 concessis‚con-

20 2170 152 2236 lirmatis
168 2182 202 2236 et
227 2173 423 2257 approbatis,
441 2173 560 2259 quibus
584 2170 746 2252 omnibus,
761 2171 884 2234 etiamsi
907 2168 948 2233 de
964 2170 1038 2238 illis.

23 2284 202 2352 eorumque
223 2266 298 2330 totis
321 2267 487 2331 tenoribus
501 2266 673 2352 specialis,
691 2265 850 2349 specifica,
867 2275 899 2328 et
914 2285 1042 2348 expres·

23 2381 53 2422 sa
66 2361 192 2425 mentio
208 2359 361 2426 habenda
376 2372 459 2426 esset
485 2373 615 2426 tenores
629 2359 816 2446 hujusmodi
832 2359 1043 2446 presentibus

21 2475 76 2537 pro
101 2456 267 2541 expressis
291 2456 464 2536 babentes,
492 2456 554 2520 bac
577 2457 647 2521 vice
667 2453 833 2519 dumtaxat
847 2454 1040 2539 specialiter,

24 2559 52 2612 et
63 2572 216 2636 expresse
233 2549 438 2637 derogamus,
457 2551 636 2637 ceterisque
652 2548 1042 2635 contrariisquibuscum-

24 2664 94 2728 que.
102 2645 266 2713 Volumus
278 2656 398 2724 autem,
407 2654 443 2710 ut
454 2646 656 2731 praesentium
671 2653 851 2707 nostrarum
863 2643 1041 2706 litterarum

25 2741 263 2824 exemplaribus
274 2741 371 2804 etiem
384 2741 416 2803 in
430 2741 506 2826 ipsis
519 2739 694 2805 Baeviariis
709 2737 882 2822 impressis,
907 2736 959 2799 vel
978 2753 1044 2797 ma·

25 2852 63 2895 nu
93 2834 235 2920 alicujus
252 2857 396 2920 personae
408 2836 442 2898 in
458 2834 615 2922 dignitate
629 2833 849 2899 Ecclesiastico
865 2830 1044 2894 constitute

26 2931 171 3012 munitis,
198 2928 314 2994 eadem
340 2951 467 3016 prorsus
482 2928 562 2994 fides
577 2931 746 3008 habeatur,
774 2949 846 3014 quae
867 2925 943 3011 ipsis
961 2945 1044 3010 prrae-

27 3024 167 3088 sentibus
184 3024 372 3104 baberetur,
390 3025 416 3089 si
432 3035 537 3088 essent
548 3024 710 3100 exhibita,
729 3023 780 3086 vel
796 3031 941 3084 ostensae.
1082 3023 1085 3029 '

65 3120 186 3183 Datum
200 3121 314 3184 Romae
330 3117 416 3205 apud
435 3120 470 3188 S.
486 3120 628 3184 Marcum
651 3119 712 3184 sub
728 3116 847 3182 annulo
874 3113 1046 3178 Piscatoris

30 3208 75 3276 die
86 3236 119 3279 x.
129 3213 222 3300 Maji,
233 3215 277 3278 M.
290 3214 352 3280 DC,
365 3215 638 3292 II.,Pontificatus
650 3206 1043 3277 nostriAunoundecimo.

552 3352 594 3414 M.
615 3350 648 3413 V
648 3351 759 3414 setrius
774 3345 961 3410 Bactrianus.

376 3535 518 3559 mm„
525 3533 718 3562 „w

377 3705 508 3751 utullus
531 3705 605 3750 aaut
627 3703 681 3748 vm
686 3731 692 3747 .

216 3869 281 3944 Ad
287 3879 508 3968 perpetuam
534 3866 593 3942 rei
621 3868 856 3940 anemurium.

74 4067 222 4133 Divinam
250 4049 465 4134 Psalmodiam
495 4089 618 4155 sponsae
638 4063 830 4129 consolantis
857 4063 889 4126 in
906 4062 967 4124 boc
982 4061 1048 4126 cxi·

37 4154 75 4221 lio
101 4162 281 4227 absentiam
307 4185 396 4229 suam
421 4187 439 4229 a
465 4185 580 4250 sponso
609 4160 752 4241 coelesti,
777 4157 871 4221 decet
893 4179 959 4221 esse
982 4177 1049 4228 non
