2754 4740
747 262 940 312 Qumsrrottas

729 527 895 603 SECTlO
921 526 948 600 Ι.

533 831 570 874 ΒΕ
585 827 701 874 ort-“toto
716 827 820 872 utvttto
835 825 963 878 EJUSQUE
976 823 1133 870 utvtstona.

362 922 400 966 BE
421 922 524 968 FESTIS
536 921 738 968 -uotttntots
754 939 796 954 -·
816 919 911 966 rantis
930 936 972 946 -
986 916 1103 962 vtottns
1119 932 1156 943 -
1169 913 1283 958 ouravts

563 1017 602 1060 ΕΤ
616 1015 733 1062 orrtcto
749 1016 774 1060 S.
793 1013 893 1060 HAlllAE
909 1013 938 1056 IN
956 1011 1095 1056 SABBATO.

362 1515 391 1606 ξ.
424 1515 458 1584 1.
493 1512 548 1586 Da
581 1507 710 1602 Officio
741 1509 868 1581 divino
900 1503 1049 1604 ejusque
1079 1510 1265 1582 divisione.

702 1742 820 1827 (Rubr.
841 1741 957 1826 presb).

352 1977 472 2057 Quaest.
491 1974 522 2035 l.
546 1971 630 2050 Quid
654 1981 697 2032 est
726 1966 871 2054 Officium
897 1969 1037 2033 diuinum
1062 1983 1089 2033 et
1116 1982 1187 2056 quot
1211 1984 1316 2035 constat

310 2065 486 2154 partibus?
1120 2130 1122 2134 .

349 2164 391 2226 R.
421 2160 571 2224 Officium
599 2156 746 2222 divinum
777 2168 824 2220 cst
843 2155 973 2240 publica
1003 2156 1188 2241 principalis
1209 2158 1311 2238 oratio,

310 2277 381 2342 quae
410 2255 451 2319 ab
492 2255 641 2318 Ecclesiae
686 2252 838 2316 ministris
880 2252 1008 2314 nomino
1050 2253 1146 2315 totius
1179 2249 1311 2314 fidelium
1347 2251 1349 2256 ’

306 2362 406 2415 ooetus
423 2348 568 2436 quotidie
584 2346 742 2411 funditur.
760 2349 871 2411 Partes
886 2345 1003 2431 quibus
1019 2357 1141 2412 constat
1156 2368 1311 2410 numeran-

304 2456 357 2508 tur
384 2444 596 2508 communiter
614 2453 747 2527 septem,
773 2463 843 2527 quae
865 2441 906 2504 ab
929 2441 1029 2523 horis,
1051 2442 1168 2526 quibus
1194 2441 1310 2505 recitari

305 2537 465 2615 solebant,
483 2537 600 2600 sortitae
613 2546 686 2599 sunt
699 2537 840 2617 nomina,
865 2534 1008 2598 scilicet:
1036 2535 1226 2599 Matutiuum
1247 2557 1310 2598 cum

304 2629 480 2709 Laudibus,
509 2631 638 2712 Prima,
671 2630 793 2706 Tertia,
823 2631 930 2706 Sexta,
964 2631 1065 2706 Nona,
1103 2630 1251 2714 Vesperae
1284 2639 1311 2690 ot
1362 2621 1363 2690 l

299 2723 563 2808 Completorium.
597 2723 676 2787 ludo
707 2725 854 2789 Officium
882 2721 1029 2787 divinum
1065 2724 1161 2787 etiarn
1187 2735 1311 2789 vocatur
1361 2745 1362 2800 y

299 2819 394 2880 Horae
407 2821 572 2880 canonicor.
599 2819 739 2906 Singulae
763 2829 871 2882 autcm
895 2818 991 2881 Horae
1014 2819 1160 2903 pluribus
1173 2812 1307 2882 constant
1360 2855 1361 2910 ,

299 2913 444 2995 partibus
457 2911 647 2995 minoribus,
658 2914 770 2999 quales
782 2923 855 2976 sunt
866 2935 873 2974 ε
884 2912 995 2997 Oratio
1007 2913 1184 2989 Dominioa,
1196 2914 1307 2976 Saluta·
1359 2949 1360 3018 ,

298 3004 343 3066 tio
355 3004 523 3088 Angelica,
541 3007 728 3091 Symbolum
744 3005 983 3089 Apostolorum,
997 3006 1129 3070 Initium
1141 3006 1305 3079 Horarum,

296 3097 484 3175 Invitatora,
512 3100 641 3186 Hymni,
671 3100 876 3186 Antiphonae,
905 3101 1035 3184 Psalmi,
1066 3101 1205 3182 Cantica,
1233 3101 1306 3165 Ver·

293 3211 360 3271 sus,
374 3189 613 3275 Absolutioues,
623 3193 882 3269 Benedictioncs,
894 3194 1072 3278 Lectiones,
1085 3195 1305 3279 Responsoria,
1357 3181 1358 3238 l

293 3285 452 3369 Capitnla,
484 3287 664 3365 Orationes,
688 3290 833 3374 Hymnus
860 3291 901 3354 Te
928 3292 1038 3374 Deum,
1066 3291 1253 3377 Symbolum
1275 3289 1303 3348 S·
1356 3285 1357 3346 l

293 3379 471 3462 Athanasii,
501 3382 631 3459 Preces,
679 3382 836 3470 Suffragia
876 3384 1077 3468 Sanctorum,
1120 3384 1304 3469 Antiphone

292 3476 332 3539 B.
351 3477 395 3540 M.
413 3476 455 3544 V.
472 3476 596 3539 finales

336 3569 457 3650 Quaest.
471 3571 504 3632 2.
520 3570 576 3633 Aa
602 3592 792 3658 alloquioque
813 3574 902 3637 Horu
923 3577 1069 3638 canonica
1084 3573 1228 3637 omnibus
1243 3573 1301 3636 istis

290 3662 337 3726 val
359 3665 469 3728 iisdem
484 3665 592 3728 saltem
609 3679 728 3730 constat
740 3668 883 3752 portibus
900 3667 920 3731 ?

330 3757 631 3845 R.Adutrumquo
658 3763 818 3848 negative.
858 3761 984 3851 Aliquae
1014 3786 1053 3827 ex
1079 3763 1128 3826 his
1161 3763 1300 3848 partibus

287 3852 458 3913 suutomni
471 3853 566 3916 Horas
576 3859 833 3922 communeszuti
847 3880 917 3946 ug.
931 3861 1087 3946 Hymnus,
1097 3857 1295 3943 Antiphone,

284 3941 416 4020 Psalmi,
430 3944 540 4008 Oratio
553 3957 634 4032 eloy
653 3952 767 4036 aliquae
788 3975 865 4017 vero
884 3977 962 4037 non,
976 3965 1008 4018 ot
1019 3953 1063 4016 sic
1080 3953 1297 4018 Invitatorium

283 4043 318 4097 ot
342 4036 510 4102 Lectiones
550 4039 702 4108 dicuntur
732 4057 855 4111 tantum
890 4051 922 4112 iu
957 4048 1139 4128 lllatutin0;
1174 4047 1296 4114 Cantica

281 4129 387 4193 solum
400 4132 433 4194 in
452 4131 627 4214 Laudibus,
643 4138 795 4225 Vesperis
811 4153 842 4206 et
857 4143 1072 4229 completorio
1087 4155 1149 4208 eto.

1208 4217 1214 4250 l
