2750 4738
441 273 631 318 rorrrrrern.
984 252 1049 316 199

83 379 250 441 Decretum
260 396 280 439 6
291 376 363 440 966.
377 371 970 462 11116υωῦ6113.66661666661616,
984 396 1050 461 quo

48 472 230 558 permittitur
253 492 346 556 posse
369 471 402 534 in
425 469 569 536 ecclesiis
589 469 717 534 recitari
739 467 862 550 Officia,
886 479 919 536 et
939 468 1050 534 Missas

48 565 190 632 celebrari
208 563 249 628 de
266 564 329 630 illis
350 563 488 644 Sanctis,
511 584 650 652 quorum
672 584 808 649 corpora
830 564 882 630 vel
903 563 1050 650 reliquie

48 660 172 746 insignes
188 659 221 722 in
233 656 357 724 eisdem
367 668 583 741 asservantur,
595 655 843 745 intelligendum
857 667 905 724 est
920 655 961 722 de
971 659 1049 723 San·

47 754 94 818 ctis
106 751 272 820 dumtaxat
286 752 320 818 in
336 751 564 842 Martyrologio
586 774 670 818 rom.
695 749 874 839 descriptis,
897 763 931 819 et
953 750 1049 818 dum·

47 845 128 912 modo
143 856 270 912 constet
283 848 325 912 dc
342 845 509 915 identitate
523 849 667 936 corporis
683 845 884 930 eorumdem,
894 849 947 914 vel
969 849 1049 912 insi·

47 943 105 1029 gnis
117 941 263 1030 reliquiae
272 966 283 1027 ;
299 963 391 1009 secus
416 961 495 1010 vero
516 941 558 1008 de
576 942 699 1009 Sanctis
714 943 747 1007 in
763 939 879 1008 eodem
895 943 1049 1030 Martyro-

46 1039 118 1126 logio
131 1060 199 1103 non
221 1036 402 1127 descriptis.
420 1038 568 1120 Quorum
592 1049 699 1104 tamen
722 1037 911 1124 corporibus
927 1045 960 1103 et
975 1038 1049 1102 reli·

46 1132 116 1219 quiis
128 1132 171 1196 ab
186 1130 365 1198 Ordinariis
380 1135 525 1200 locorum
540 1133 726 1220 approbatis
740 1130 880 1198 debitae
895 1129 1048 1196 fidelibus
1177 1125 1181 1134 ’

46 1224 197 1290 venemtio
211 1225 395 1293 exhibenda
411 1238 470 1310 est,
482 1225 540 1292 sed
551 1227 673 1316 absque
688 1229 800 1295 Officio
812 1228 961 1311 etMissa,
985 1228 1046 1292 sub

45 1321 132 1404 poenis
145 1317 188 1384 de
212 1341 277 1387 non
293 1321 518 1387 satisfaciendo
537 1333 696 1409 precepto
711 1320 868 1390 recitandi
883 1321 1044 1404 Officium,

45 1413 166 1502 aliisque
191 1415 225 1478 in
242 1414 476 1481 Constitutione
492 1417 527 1481 S.
543 1417 593 1481 Pii
609 1416 651 1484 V.
668 1417 837 1499 contentis,
855 1414 909 1479 die
925 1415 964 1478 11
982 1413 1048 1478 Au·

46 1510 116 1596 gusti
139 1511 239 1590 1691,
257 1511 472 1597 approbatum
485 1534 505 1577 a
518 1512 575 1578 iel.
600 1511 729 1578 record.
754 1511 941 1579 Innocentio
955 1509 1046 1590 1111,
1074 1589 1078 1598 .

45 1601 88 1667 die
102 1605 142 1668 19
157 1604 320 1670 Octobris.

80 1695 126 1762 Ad
141 1695 327 1786 augendam
341 1696 502 1766 Fidelium
517 1701 759 1770 venerationem
775 1721 851 1788 erga
863 1697 1047 1787 augustissi-

45 1811 121 1858 mum
134 1793 342 1860 Eucharistiae
357 1796 612 1881 Sacramentum,
636 1795 772 1884 ejusque
794 1797 917 1862 cultum
932 1794 965 1857 in
980 1801 1047 1858 toto

45 1896 188 1955 terrarum
204 1890 284 1956 orbo
306 1889 574 1977 promovendum,
600 1893 800 1980 prohibitum
816 1900 864 1955 est
881 1887 1046 1954 celebrere

45 1980 141 2049 llissas
155 1987 293 2067 votivas,
312 1987 364 2051 vel
379 2007 437 2071 pro
451 1987 618 2053 Defunctis
634 1988 717 2052 inira
727 1987 882 2053 Octavam
896 1981 1048 2068 Corporis

46 2073 159 2144 Christi.
184 2079 244 2143 Die
260 2080 299 2143 ill
315 2080 403 2144 Junii
427 2081 524 2164 1679,
545 2082 726 2170 eademque
741 2079 828 2158 diea
843 2081 899 2145 iel.
916 2075 1044 2143 record.

46 2168 195 2237 Clemente
209 2172 252 2239 X.
267 2175 494 2259 approbatum.

81 2266 156 2331 Item
167 2266 367 2353 prohibitum
380 2277 428 2334 cst
439 2267 568 2335 easdem
581 2270 692 2335 Missas
707 2268 872 2335 celebrare
888 2264 1044 2332 1616606-

46 2368 137 2424 tavam
150 2359 332 2425 Natiuitatis
342 2362 484 2429 Domini.
509 2363 547 2427 In
562 2363 665 2428 Missis
681 2384 759 2430 vero
774 2359 971 2428 solemnibus
986 2381 1046 2444 pro

45 2474 73 2516 re
86 2455 172 2540 gravi
187 2455 272 2519 infra
286 2453 433 2522 eamdem
445 2456 600 2523 Octavam
615 2454 829 2539 celebrandis,
843 2451 982 2520 dicenda
997 2462 1048 2518 est

45 2548 174 2630 prelatio
185 2547 280 2634 juxta
294 2549 472 2615 Rubricem
484 2553 669 2638 generalem
685 2553 734 2617 tit.
744 2551 818 2630 ΧΠ,
834 2571 924 2615 num.
937 2551 971 2614 1.
985 2549 1047 2613 1116

46 2640 80 2704 15
93 2642 288 2728 Septembris
304 2643 401 2727 1766,
413 2644 484 2732 jam
498 2668 517 2712 a
531 2647 590 2712 SS.
607 2647 834 2734 approbatum.

81 2737 126 2802 Re
138 2758 214 2802 vero
226 2736 339 2803 inSac.
349 2739 484 2805 Rituum
496 2739 646 2830 Cong.ad
659 2742 847 2806 relationem
858 2741 895 2804 E.
909 2747 941 2804 et
950 2738 993 2803 R.
1003 2736 1044 2800 D.

46 2827 209 2894 Cardina‘lis
219 2831 390 2895 Barberini
402 2833 523 2918 pluries
534 2832 688 2916 discussa,
699 2844 731 2899 et
739 2844 863 2900 mature
876 2852 1044 2920 perpensa,

47 2922 108 2988 Sec.
120 2923 233 2988 eadem
248 2925 382 2990 Rituum
395 2926 607 3015 Congregatio
622 2929 806 3014 supradicta
818 2929 960 3004 decreta,
976 2935 1047 2989 tuns

46 3026 76 3080 ut
84 3017 312 3082 celebrantium
327 3019 528 3085 instructioni
545 3031 577 3086 et
591 3023 664 3086 usui
673 3023 747 3104 sint,
766 3032 834 3087 tum
848 3031 884 3085 ut
898 3017 1046 3085 nonnulli

46 3110 163 3190 abusus,
185 3112 242 3199 qui
258 3112 291 3175 in
314 3113 475 3200 aliquibus
490 3116 567 3180 locis
588 3118 797 3204 irrepserunt,
820 3116 948 3202 penitus
962 3114 1048 3178 evel-

46 3204 151 3288 lantur,
168 3207 201 3270 in
217 3206 335 3271 Missali
352 3219 423 3292 post
437 3208 583 3276 rubricas
603 3213 770 3295 generales
785 3210 915 3296 apponi,
941 3219 973 3273 ct
988 3208 1047 3271 im·

46 3301 130 3386 primi
154 3324 243 3386 posse
267 3304 402 3384 censuit,
426 3307 452 3370 si
476 3305 533 3372 SS.
550 3309 590 3375 D.
608 3310 648 3374 N.
673 3310 778 3375 visum
793 3307 903 3372 fuerit.
920 3305 979 3370 Die
1005 3304 1048 3367 15

47 3393 233 3480 Septembris
250 3397 348 3463 1714.

83 3491 237 3578 Factaque
260 3490 378 3557 deinde
399 3516 458 3580 per
475 3518 526 3561 mc
549 3499 728 3561 Prosecret.
750 3493 791 3566 de
806 3491 966 3580 predictis
985 3491 1045 3554 SS.

46 3583 79 3648 D.
95 3583 133 3650 N.
148 3585 314 3669 relatione,
333 3588 490 3655 Sanctitas
505 3613 562 3656 sua
577 3612 706 3656 sensum
723 3591 795 3655 Sao.
815 3586 1047 3675 Congregatio·

47 3678 89 3741 nis
109 3678 306 3764 approbavit,
332 3680 510 3773 eademque
535 3684 664 3750 decreta
687 3685 721 3748 in
744 3683 861 3748 lllissali
885 3680 1048 3767 apponict

48 3771 177 3858 imprimi
191 3773 367 3841 mandavit.
382 3777 439 3842 Die
448 3781 490 3845 99
499 3778 697 3868 Septembris
708 3776 855 3864 ejusdem
864 3775 1046 3841 66611714.

230 3897 266 3962 F.
292 3896 481 3967 Cannensem
503 3924 542 3966 na
563 3900 685 3985 Annua,
709 3900 895 3988 Profectus.

86 4016 351 4107 mm†ffifflst

194 4129 231 4195 N.
249 4131 292 4195 Μ.
308 4132 460 4197 Tansscnr
473 4135 639 4198 Enrscorus
654 4136 878 4214 eranrrnrvus,
893 4133 964 4198 Sue.
978 4135 1045 4197 1111.

346 4219 462 4305 Conpr.
481 4219 740 4285 Proiceretnrius.
