2754 4740
325 265 387 328 162
605 286 694 330 arros
717 285 907 330 cementum
930 287 1058 334 assurt.
1178 294 1180 298 ’

323 389 442 467 Mariae,
469 390 521 454 vel
548 388 737 452 Sanctorum
762 386 803 452 dc
829 388 947 475 quibus
961 388 1080 455 dicitur
1095 392 1200 474 Missa,
1218 395 1269 457 vel
1293 394 1322 456 lit

322 483 589 548 Commemoratis
604 506 613 565 3
630 483 707 548 item
723 483 755 546 in
772 486 915 548 oratione
934 507 993 570 pro
1010 487 1108 571 Papa,
1127 483 1255 572 quando
1271 509 1323 549 uo·

321 577 1320 663 minatur,sempercaputineliuat‚nontamenversusCrueem.

322 672 356 736 Si
380 673 488 756 plures
510 673 670 738 orationes
685 673 749 736 siut
764 669 919 756 dicendae,
947 673 1034 738 idem
1061 675 1093 737 in
1115 675 1173 752 eis,
1191 676 1223 738 in
1237 696 1321 753 vocs,

321 768 506 831 extensione
521 788 690 847 manuum,
708 779 740 832 et
762 769 874 853 capitis
889 769 1107 851 inclinatione,
1124 767 1214 855 quod
1235 792 1323 854 supra

320 860 515 940 dictumest,
533 862 734 926 observatur.

363 955 395 1020 ὅ.
418 954 452 1020 Si
464 958 563 1022 altare
575 956 613 1020 sit
626 954 666 1020 ad
680 956 846 1021 Orientem
858 977 970 1023 versus
982 957 1152 1042 populum,
1164 956 1323 1020 celebrans

320 1072 411 1116 versa
427 1051 508 1116 lacis
528 1049 569 1115 ad
584 1052 752 1136 populum,
775 1073 840 1116 non
869 1050 966 1118 vertit
986 1054 1139 1116 humeros
1161 1051 1202 1114 ad
1217 1055 1322 1135 altare,

318 1165 390 1209 cum
408 1142 552 1210 dicturus
574 1154 622 1208 est
643 1147 797 1210 Doro-inus
819 1147 985 1228 nobiscnm,
1012 1145 1109 1212 Orate
1130 1147 1257 1232 fratres,
1284 1150 1323 1210 Ite

318 1240 414 1304 Missa
436 1250 492 1320 ast,
506 1238 558 1302 vel
570 1235 703 1302 daturus
713 1236 971 1305 benedictionem
987 1262 995 1303 τ
1013 1238 1070 1303 sed
1086 1241 1228 1305 osculato
1238 1243 1322 1306 altari

318 1333 351 1396 iu
374 1331 495 1414 medio,
508 1332 554 1396 ibi
569 1333 716 1418 expansis
739 1343 771 1396 et
780 1333 903 1419 junctis
925 1334 1085 1416 manibus,
1102 1343 1139 1398 ut
1154 1355 1263 1419 supra,
1278 1357 1323 1398 sa·

232 1449 235 1456 ·
316 1430 397 1493 lutat
418 1429 586 1514 populum,
600 1438 632 1492 et
647 1427 703 1492 dat
725 1427 999 1495 benedictionem.

271 1553 274 1560 Α
360 1525 393 1587 l.
418 1526 455 1588 Iu
478 1523 623 1604 Quatuor
637 1523 859 1609 Temporibus,
878 1526 929 1588 vel
946 1525 1024 1588 alias
1039 1522 1169 1611 quaudo
1185 1521 1322 1588 dicende

315 1628 388 1683 sunt
410 1621 518 1703 plures
540 1617 700 1682 orationes
714 1638 788 1682 cum
801 1619 993 1704 Prophetiis,
1008 1617 1094 1684 dicto
1109 1621 1206 1704 Kyrie
1219 1617 1323 1682 cleison

316 1713 348 1777 in
367 1711 474 1778 medio
488 1712 607 1794 altaris,
624 1713 796 1778 revertitur
811 1711 852 1776 ad
875 1735 975 1778 cornu
990 1714 1150 1798 Epistolae,
1168 1713 1226 1777 ubi
1243 1721 1321 1776 stans

315 1817 388 1872 aute
403 1808 533 1886 librum,
547 1809 685 1872 extensis
706 1818 738 1872 et
755 1808 878 1894 junctis
899 1820 974 1873 ante
994 1819 1104 1887 pectus
1119 1807 1280 1883 manibus,
1295 1817 1323 1869 ct

314 1912 410 1986 eaput
424 1901 517 1966 Cruci
534 1903 700 1984 inclinans,
718 1901 797 1968 dicit
813 1901 959 1985 Oramus,
975 1902 1148 1966 Flectamus
1161 1924 1280 1988 penas:
1294 1909 1321 1964 et

315 1995 400 2061 illico
412 1997 561 2061 manibus
575 2019 671 2082 super
681 1999 781 2062 altare
793 1997 942 2080 extensis,
954 2008 991 2062 ut
1002 2019 1037 2061 se
1049 1999 1155 2083 ipsum
1170 1996 1212 2062 ad
1229 1999 1321 2062 altare

314 2092 479 2172 sustineat,
496 2091 693 2177 genuflectit,
707 2102 739 2155 et
753 2092 822 2155 sine
846 2113 935 2155 mora
950 2112 1097 2179 surgens,
1115 2091 1231 2156 eadem
1248 2111 1320 2156 voce

314 2186 458 2250 ministro
470 2183 683 2270 respondente
699 2187 818 2268 levate,
835 2187 985 2250 manibus
1000 2187 1138 2252 extensis
1151 2185 1232 2252 dicit
1249 2185 1321 2252 Ora·

314 2281 437 2357 tionem,
451 2290 486 2343 ut
501 2300 608 2364 supra,
624 2291 656 2343 et
667 2280 974 2345 incooclusioneeas
985 2281 1106 2368 jungit.
1119 2283 1203 2345 Dum
1220 2291 1320 2345 autem

313 2376 391 2462 legit
407 2375 606 2459 Prophetias,
630 2384 718 2439 tenet
736 2395 850 2438 manus
870 2397 968 2461 super
993 2375 1112 2439 librum
1143 2377 1195 2440 vel
1228 2381 1320 2438 altare

313 2470 441 2555 positas,
454 2479 490 2533 ut
504 2490 579 2533 mox
594 2467 719 2534 dicetur
730 2468 771 2532 de
786 2470 939 2554 Epistola.

356 2563 387 2629 5.
412 2565 449 2628 lu
465 2563 558 2627 Missa
574 2565 708 2627 solemni
724 2583 798 2636 cum
814 2561 932 2627 dicitur
946 2564 1100 2626 Dominus
1114 2563 1279 2640 vobiscum,
1293 2572 1320 2624 et

313 2657 436 2738 Oratio,
465 2655 620 2723 diaconus
646 2668 678 2722 ct
702 2655 917 2723 subdiaconus
932 2668 1016 2722 stant
1042 2670 1129 2723 retro
1146 2669 1217 2743 post
1241 2660 1319 2722 celc-

311 2753 471 2817 brantem.
485 2753 766 2838 Fleotamrspenaa
778 2750 1078 2835 dicituradiacono,
1096 2750 1318 2818 asubdiacono
1366 2795 1367 2820 r

310 2869 389 2912 vero
417 2851 537 2931 Leonte,
570 2849 625 2912 illo
652 2849 790 2932 primum
815 2848 1065 2934 genuflectente,
1099 2849 1161 2913 boc
1184 2849 1317 2934 primum

311 2953 480 3029 surgente;
500 2943 666 3007 celebrans
682 2963 839 3008 veronen
855 2943 1054 3028 genuflectit.
1107 2960 1108 2963 ’

360 3203 429 3282 Vl.
452 3206 506 3285 De
522 3207 707 3304 Epistola,
730 3207 926 3296 Gradnott,
947 3209 1086 3288 staltis
1105 3209 1285 3302 usquead

684 3331 940 3430 offertorium.

350 3589 383 3653 l.
407 3587 507 3653 Dictis
526 3586 745 3668 Orationibus,
763 3587 932 3651 celebrans
948 3585 1058 3671 positis
1075 3605 1172 3670 super
1188 3585 1313 3662 librum,
1363 3623 1364 3660 ,

306 3685 356 3747 vel
372 3703 468 3767 super
483 3681 582 3746 altare
601 3681 761 3760 manibus,
779 3681 823 3746 ita
839 3683 875 3744 ut
897 3684 1011 3766 palmae
1032 3678 1152 3743 librum
1176 3686 1313 3764 tangant,
1363 3679 1364 3720 l

305 3779 356 3841 vel
378 3777 427 3861 (ut
448 3777 614 3862 placuerit)
634 3775 754 3841 librum
770 3784 895 3853 tenens,
912 3775 993 3862 legit
1012 3773 1186 3858 Epistolam
1202 3770 1316 3835 intelli·
1363 3793 1364 3872 p

304 3871 395 3958 gibili
411 3891 502 3951 voca,
527 3881 559 3936 et
581 3867 795 3957 respondetur
821 3891 838 3933 a
867 3870 1013 3934 ministro
1041 3869 1105 3931 Deo
1124 3869 1262 3952 pretias:
1286 3873 1314 3926 ct

301 3965 448 4030 similiter
462 3976 549 4030 stans
563 3963 677 4030 codem
691 3962 799 4044 modo,
816 3965 1022 4050 prosequitur
1041 3960 1212 4043 Graduale,
1227 3959 1312 4025 Atte-

302 4060 381 4140 ἱιιία,
394 4056 426 4125 et
446 4062 605 4141 Tractare,
622 4079 660 4123 ac
676 4059 885 4144 Sequentiarn,
905 4059 929 4122 si
946 4053 1084 4122 dicenda
1099 4054 1173 4118 sint.
1192 4055 1312 4136 Quibus

300 4150 601 4238 dictis,sacerdos,si
609 4153 758 4240 privatim
771 4154 925 4235 celebret,
937 4153 1148 4239 ipsemet,seu
1158 4149 1308 4225 minister,
1361 4187 1362 4190 =
