2764 4742
248 167 292 232 16
687 179 831 225 amntem

292 287 447 354 Tertium.
464 284 514 351 An
530 286 696 372 regulares
710 282 833 368 absque
858 278 988 366 speciali
1005 281 1192 370 privilegio,
1211 281 1275 348 sed

248 385 316 448 cola
331 381 623 448 communicatione
644 377 890 465 privilegiorum
914 377 1050 442 aliarum
1074 379 1277 465 religionum

246 477 370 564 possint
392 475 514 540 addere
539 496 658 540 nomen
691 473 801 538 Sancti
831 469 1024 538 Fundnlorie
1053 473 1084 538 in
1117 475 1271 556 Litaniis‚

248 581 281 636 et
309 569 477 656 Confiteor,
499 570 641 656 itemque
672 568 809 634 recitare
825 565 937 634 Officia
960 577 993 633 et
1015 568 1126 634 Missus
1141 591 1280 635 conces·

248 687 298 730 see
312 664 619 752 aliinreligionibue.
988 729 994 736 ,

296 760 468 825 Sacrorum
482 759 619 825 Rituum
641 757 756 824 eadem
772 758 986 847 Congregatio
1009 756 1051 824 ad
1080 761 1278 826 relationem

249 854 501 922 Eminentirsimi
517 862 551 919 et
564 849 842 920 Reverendiseimi
864 852 993 920 Domini
1011 850 1189 918 Cordinalis
1201 853 1281 920 Col·

251 946 363 1016 loredo
385 946 571 1035 respondit:

296 1041 348 1108 Ad
362 1043 520 1109 Primum.
544 1043 712 1131 Negative,
730 1052 763 1108 et
790 1042 977 1130 hujusmodi
993 1043 1120 1110 indulta
1133 1065 1199 1108 non
1214 1044 1282 1110 hn-

251 1137 330 1203 berc
341 1139 449 1204 locum
467 1137 500 1202 in
516 1137 617 1201 Feriis
631 1133 810 1216 Adventus,
828 1135 1101 1224 Quadrageeimoe,
1126 1137 1286 1220 Quatuor

253 1233 458 1317 Temporum,
486 1231 693 1319 Vigiliarum,
710 1231 778 1296 sive
802 1253 875 1296 cum
895 1231 1037 1319 jejunio,
1065 1233 1133 1298 eive
1149 1232 1281 1320 absque

249 1324 389 1411 jejunio,
407 1347 468 1390 nec
483 1326 516 1390 in
531 1327 625 1392 Ferie
647 1327 679 1391 ΙΙ
695 1325 925 1414 Rogationum,
952 1329 1060 1394 necin
1088 1328 1140 1392 ille
1166 1327 1282 1410 Feria,

255 1420 289 1483 in
314 1441 379 1506 qua
410 1418 588 1486 necandum
617 1419 778 1487 Rubricae
800 1423 841 1487 eit
870 1422 1094 1508 reponendum
1124 1421 1284 1486 Officium

255 1514 442 1580 Dominicae.

300 1606 350 1672 Ad
367 1607 565 1674 Secundum.
582 1609 794 1676 Affirmative.

299 1698 351 1765 Ad
374 1703 529 1768 Tertium.
557 1702 713 1791 Negative
729 1705 762 1768 in
775 1704 937 1770 omnibus.
1377 1755 1378 1758 ,

302 1797 342 1860 Et
366 1797 410 1862 ita
442 1797 629 1876 declaravit,
663 1820 700 1865 ac
729 1799 849 1866 serrari
878 1799 991 1880 voluit,
1015 1819 1053 1864 ec
1079 1800 1213 1884 insuper
1246 1808 1291 1862 ut
1376 1805 1378 1844 ῑ

259 1888 510 1976 declarationes,
542 1914 599 1959 scu
628 1891 758 1960 decreta
788 1891 942 1981 predicta
966 1894 1116 1958 omnibus
1147 1893 1289 1956 innole·
1378 1902 1379 1940 ὲ

259 1993 359 2062 soant,
378 1985 458 2071 typis
485 2007 523 2051 ea
550 1987 690 2074 imprimi
719 1985 896 2052 mandevit.
914 1984 972 2051 Die
990 1988 1032 2052 20
1046 1987 1150 2052 Martii
1175 1985 1288 2051 1706.

763 2123 801 2190 G.
826 2122 926 2186 Canu.
951 2121 1140 2188 Curemus.

303 2246 388 2310 Loco
399 2248 427 2332 †
439 2249 555 2336 sigilli.

718 2389 758 2452 B.
783 2389 967 2468 lucarum,
986 2385 1020 2448 S.
1036 2384 1079 2448 R.
1097 2382 1132 2447 C.
1151 2383 1286 2449 Secrct.
