2754 4740
300 248 304 256 Ι
336 164 379 228 52
761 185 954 234 oumsrronss

334 293 538 378 ossiynotam.
555 289 681 354 Pariter
696 289 824 354 Festum
840 289 968 375 Duplex¹
983 295 1033 356 vel
1050 291 1263 380 Semidupler,
1278 319 1327 360 mo-

237 399 243 410 ·
334 385 375 449 do
387 407 451 450 non
465 387 504 449 sit
517 387 533 449 l
549 387 600 451 vel
617 385 690 449 aet.
705 384 831 471 (quaest.
850 384 903 464 51)
921 405 1092 452 occurrens
1106 387 1140 450 in
1153 387 1206 452 die
1218 389 1326 466 Octava,

332 491 488 566 perpetuo
505 492 551 545 est
567 478 838 546 transierendum.

374 576 486 663 Itaque
513 576 545 639 in
576 574 654 640 locis
670 574 726 637 ubi
742 575 800 640 88.
820 572 991 639 Gervasius
1007 585 1039 638 et
1054 576 1227 658 Protesius,
1243 580 1289 665 qui
1302 579 1327 640 in

329 667 527 734 Kalendario
547 667 656 734 diets
674 669 762 732 Junii
778 669 842 733 ritu
859 669 1003 755 Simplici
1019 667 1253 754 describuntur,
1269 685 1326 736 sunt

327 765 469 846 Patroni,
493 765 539 828 ibi
569 785 681 828 eorum
707 764 837 828 Festum
866 763 906 827 ad
941 765 1039 828 ritum
1063 765 1266 851 Dupliceml
1294 771 1325 832 el.

328 861 484 942 elevatur,
502 870 534 925 et
549 868 783 946 consequenter
796 859 924 923 Festum
940 858 1157 927 dioecesanum
1173 864 1207 927 S.
1222 864 1323 942 Aleos,

328 954 466 1042 Duplex,
486 964 629 1018 mutatur
657 955 690 1016 in
712 953 810 1017 aliurn
826 952 925 1017 diem.
942 956 1024 1019 Item
1041 955 1074 1018 in
1089 956 1271 1022 eorumdem
1284 958 1325 1022 die

317 1049 460 1132 Octava,
477 1070 548 1137 quae
574 1059 621 1113 est
637 1049 678 1112 26
691 1048 791 1129 lunii,
810 1048 939 1113 Festum
955 1069 1127 1114 occurrens
1143 1052 1200 1115 88.
1212 1053 1325 1116 loannis

326 1154 357 1209 et
372 1144 475 1226 Pauli,
492 1145 629 1229 Duplex,
643 1141 901 1209 transferendum
916 1155 1073 1230 perpetuo
1090 1155 1149 1210 est.

369 1239 488 1320 Quoest.
506 1239 560 1301 54.
581 1236 647 1316 Qui
661 1238 725 1304 dies
749 1236 934 1324 assipnondi
950 1251 1023 1302 sont
1042 1242 1142 1304 Fastis
1157 1239 1325 1304 mutandis?

367 1333 410 1397 R.
428 1333 506 1414 Qum
522 1330 607 1396 dicta
622 1342 695 1395 sunt
710 1321 986 1415 desiransldtiona
1005 1345 1118 1421 quaest.
1133 1335 1176 1398 47
1192 1347 1222 1400 et
1233 1357 1323 1422 seqq„

193 1404 207 1448 ¹*
323 1428 476 1513 applicari
504 1427 599 1491 etiam
626 1437 759 1510 possunt
788 1428 970 1507 mutationi,
1007 1450 1081 1493 cum
1108 1429 1171 1492 hoe
1200 1429 1326 1516 generali

322 1522 406 1586 inter
418 1531 586 1607 utramque
606 1519 801 1602 discrimino,
814 1519 903 1608 quod
918 1544 977 1607 pro
997 1522 1227 1588 transferendis
1243 1523 1326 1587 Festis

323 1616 457 1680 sufficiat
472 1614 559 1704 quod
575 1617 678 1701 prima
700 1615 769 1680 dies
788 1617 829 1680 sit
844 1616 893 1680 tte
914 1629 942 1680 et
962 1640 1045 1682 nunc
1060 1618 1157 1682 libero
1173 1643 1185 1695 ,-
1200 1641 1256 1704 pro
1266 1641 1323 1682 mu·

323 1708 426 1775 tandis
442 1732 519 1774 vero
532 1710 716 1798 requiratur
732 1721 767 1775 ut
781 1711 885 1795 prima
907 1710 976 1776 dies
991 1713 1028 1777 de
1042 1735 1074 1778 se
1097 1713 1136 1776 sit
1153 1711 1325 1792 liberasso

321 1829 387 1874 non
413 1818 569 1892 perpetuo
597 1803 764 1890 impedita.
781 1802 874 1868 Unde
900 1807 1085 1886 Dominicae‚
1109 1807 1220 1887 Feriae,
1246 1809 1323 1870 Festa

320 1901 453 1970 mobilia
468 1921 645 1986 eorumque
658 1900 799 1980 Octavae,
813 1921 887 1964 cum
899 1900 1033 1986 singulis
1045 1904 1137 1966 annis
1150 1900 1261 1965 eodem
1279 1900 1322 1964 die

318 2021 383 2063 non
399 2003 577 2076 occurrant,
603 2015 667 2058 non
696 1994 840 2079 prebent
861 1994 1127 2078 impedimentum
1144 1998 1242 2060 Festis
1265 2018 1321 2058 rnu-

320 2090 424 2158 tandis
439 2111 556 2175 neque,
574 2088 617 2152 ob
636 2088 773 2151 similem
788 2087 959 2173 rationem,
985 2087 1054 2154 dies
1078 2091 1112 2153 in
1128 2112 1193 2176 quo
1207 2093 1322 2154 Festum

320 2183 558 2251 accidentaliter
572 2193 696 2247 tantum
713 2193 760 2247 est
773 2183 973 2251 translatum.

362 2280 461 2346 Aliud
475 2276 647 2342 discrimen
666 2287 714 2343 est
730 2278 813 2342 inter
829 2282 1068 2345 translationem
1085 2293 1117 2346 et
1129 2282 1323 2346 mutationem

287 2407 289 2412 ·
318 2374 406 2466 quod
420 2376 550 2438 Festum
562 2370 772 2457 Semiduplex
783 2373 883 2456 possit
899 2385 1055 2460 perpetuo
1071 2375 1235 2440 transferri
1251 2373 1323 2436 inira

317 2474 472 2538 Octavam
488 2487 690 2531 communem
717 2466 928 2531 immobilem.
946 2468 1042 2534 Ratio
1067 2479 1125 2547 est,
1152 2466 1237 2554 quod
1252 2466 1323 2529 inira

318 2568 397 2632 tales
418 2564 553 2628 Octavus
575 2560 630 2626 fiat
648 2560 689 2624 de
720 2558 927 2647 Semiduplici
945 2573 1145 2643 occurrente,
1173 2564 1223 2626 cui
1239 2560 1323 2647 aequi·
1373 2621 1374 2654 p

317 2671 449 2748 paratur
459 2659 589 2721 Festum
600 2665 771 2721 mutatum.

358 2749 500 2818 Tandem
522 2750 656 2812 mutatio
680 2749 817 2835 alicujus
840 2751 925 2815 Festi
950 2750 1019 2812 fieri
1043 2752 1232 2836 prohibetur
1244 2751 1275 2811 in
1287 2746 1321 2809 28

317 2844 473 2924 ianuarii,
491 2853 523 2908 et
543 2843 563 2906 5
577 2843 757 2907 Februarii.
773 2846 849 2911 Dies
865 2847 952 2916 enirn
973 2845 1018 2908 illi
1041 2842 1243 2934 relinquendi
1258 2850 1322 2906 sunt

316 2943 422 3024 vacui,
443 2951 479 3004 ut
500 2940 534 3001 in
559 2939 601 3002 28
627 2939 771 3003 Januarii
784 2953 960 3027 reponatur
977 2941 1106 3007 Festum
1122 2943 1181 3005 88.
1193 2936 1322 3004 Nominis

192 3074 199 3114 ·.
316 3040 405 3118 lesu,
422 3055 499 3101 casu
521 3054 586 3120 quo
601 3043 748 3098 occurrat
769 3036 802 3100 in
819 3037 987 3102 Dominica
1009 3036 1254 3122 Septuogesimae
1269 3055 1278 3114 ;
1293 3031 1320 3092 in

318 3130 371 3206 dle
387 3151 464 3196 Veto
485 3130 506 3194 5
527 3128 706 3210 Februarii,
723 3128 852 3214 Festum
874 3133 1121 3210 Purificationis,
1138 3131 1163 3194 si
1180 3131 1211 3193 in
1226 3125 1320 3192 Domi·

317 3225 388 3290 nica
403 3222 518 3308 majori
534 3232 692 3287 occurrat.
710 3220 802 3289 Idem
814 3223 942 3291 videtur
964 3223 1137 3291 dicendum
1166 3219 1268 3286 dedis
1284 3217 1319 3280 26

318 3320 422 3386 Martii
440 3330 472 3385 et
492 3317 800 3412 Μὴ
823 3331 859 3386 ut
884 3321 1037 3386 nimirum
1062 3321 1155 3386 vacui
1185 3322 1321 3386 maneant

316 3439 374 3504 pro
400 3437 435 3481 re
460 3411 594 3479 onendis
619 3411 719 3477 Fastis
750 3413 1011 3480 Auriuntiationis
1049 3426 1082 3480 et
1113 3409 1320 3477 {mmmm

317 3439 687 3598 caroffplimtsbttf
700 3510 755 3593 V„
774 3508 904 3596 quando
920 3512 953 3573 in
965 3510 1141 3574 Dominicis
1156 3501 1321 3591 majoribus

316 3615 489 3674 occurrunt
499 3607 625 3691 (quaest.
642 3603 711 3687 50).
1372 3653 1373 3656 ,

362 3702 481 3783 Qumst.
499 3697 554 3760 55.
579 3696 635 3759 An
650 3695 714 3760 dies
730 3701 801 3784 jom
819 3701 980 3784 ossipnoto
1002 3699 1099 3762 alicui
1111 3701 1211 3774 Festo,
1224 3702 1322 3778 posteo

316 3795 474 3880 ossipoori
486 3793 597 3876 poterit
612 3789 705 3854 altori
716 3794 815 3875 Festo,
827 3792 910 3878 quod
925 3793 1025 3856 celest
1041 3793 1169 3875 majoris
1184 3791 1257 3852 sitm
1271 3792 1321 3844 cat
1372 3809 1373 3852 ᾗ

316 3891 489 3976 dipnitotis,
506 3884 554 3949 uel
576 3907 596 3947 o
618 3887 777 3950 remotiori
798 3886 847 3949 dic
870 3898 914 3950 cst
938 3881 1155 3950 mutandum?

359 3985 401 4049 lt.
416 3979 570 4068 Negative
586 4003 596 4063 3
624 3976 692 4043 dies
710 3980 794 4044 enim
811 3982 910 4044 semel
923 3980 1080 4068 assignata
1092 3978 1186 4042 alicui
1200 3977 1317 4048 Sancto,

316 4082 351 4146 fit
367 4078 437 4166 ejus
462 4077 526 4141 dies
548 4077 688 4160 propria,
720 4075 838 4162 inqua
866 4097 980 4140 revera
1009 4074 1160 4140 occurrit.
1186 4066 1271 4135 Unde
1296 4067 1318 4128 si
