2750 4738
347 221 390 287 80
773 255 917 304 nunnioni

405 519 502 599 ΧΗ.
535 523 590 602 De
621 525 837 716 0)·άίηαῖάῖ
863 532 991 659 {lptcto
1031 561 1079 615 ec
1097 539 1279 638 predictis

791 662 815 714 c
839 661 943 718 racis.

386 919 416 983 l.
442 919 474 982 Si
491 921 562 1007 quis
580 921 658 984 velit
673 943 712 984 ex
727 923 918 1008 supradictis
940 927 1089 993 Rubricis
1105 933 1251 998 ordinare
1265 937 1325 1000 Olli·

337 1015 422 1079 cium
442 1015 638 1079 occurrentis
651 1013 729 1093 diei,
742 1016 849 1082 videat
865 1018 896 1081 iu
912 1019 1123 1102 Kalendario,
1138 1036 1169 1090 et
1184 1027 1325 1091 inTabula

337 1109 502 1177 Festorum
519 1111 700 1189 mobilium,
717 1109 757 1174 tle
773 1133 838 1199 quo
853 1114 906 1176 fiet
921 1113 1069 1180 Ollicium
1096 1123 1240 1206 sequenti
1266 1121 1324 1185 die:

336 1215 368 1269 et
398 1215 433 1270 ut
454 1206 614 1270 invenerit
641 1225 709 1269 esse
739 1205 933 1290 laciendum,
955 1210 1003 1273 sie
1029 1210 1193 1280 ordinabit
1211 1215 1282 1280 illud
1302 1218 1325 1278 in

335 1299 496 1385 Vesperis,
514 1308 545 1363 et
557 1299 626 1362 aliis
640 1301 735 1364 Horis
750 1303 924 1380 nocturnis,
941 1314 972 1367 et
990 1302 1126 1371 diurnis.

377 1397 411 1460 2.
435 1395 468 1458 Si
485 1391 699 1457 ordinandum
712 1394 752 1458 sit
766 1395 914 1460 Officium
930 1395 970 1460 de
985 1399 1155 1486 Tempore,
1178 1403 1279 1487 idest,
1295 1403 1326 1468 de

332 1491 510 1570 Dominiea,
524 1491 575 1553 vel
589 1489 688 1570 Feria,
702 1487 933 1554 recurrendum
950 1499 997 1554 est
1012 1511 1141 1578 semper
1158 1494 1200 1559 ad
1219 1499 1326 1562 Psalle·

332 1586 427 1668 rium,
441 1585 497 1650 ubi
518 1581 662 1647 ordinate
679 1583 810 1667 ponitur
824 1583 911 1668 quod
925 1596 971 1649 cst
994 1584 1171 1652 Commune
1187 1591 1283 1656 Officii
1295 1591 1326 1654 de

330 1682 512 1767 Tempore,
545 1700 617 1742 curu
640 1675 865 1761 distributione
888 1679 1104 1744 Psalmorum:
1132 1693 1165 1747 ct
1194 1682 1233 1747 ad
1261 1687 1327 1749 Pro·

330 1777 436 1860 prium
450 1772 491 1838 de
504 1775 672 1854 Tempore,
690 1770 746 1832 ubi
759 1771 925 1836 Lectiones
950 1783 982 1836 et
1003 1775 1231 1862 Responsoria,
1257 1801 1327 1866 quac·

329 1868 404 1935 dam
423 1870 627 1955 Antiphonae,
641 1876 673 1929 et
688 1866 856 1930 Orationes
870 1879 1044 1951 ponuntur,
1070 1893 1142 1956 quae
1169 1873 1282 1939 desunt
1301 1876 1327 1937 in

327 1967 495 2031 Psalterio.
518 1962 754 2041 invitatorium,
778 1961 910 2048 Hymni,
929 1960 1085 2048 Capitula,
1103 1967 1236 2049 Versus,
1263 1971 1328 2034 Res-

328 2063 477 2147 ponsoria
499 2058 624 2137 brevia,
639 2067 671 2120 et
686 2055 889 2140 Antiphone,
904 2077 974 2141 quae
990 2054 1124 2124 diversis
1142 2064 1328 2148 temporibus

327 2167 490 2238 ponuntur
505 2155 537 2217 in
550 2151 698 2236 Proprie,
721 2148 872 2212 dicuntur
887 2152 956 2213 loco
984 2171 1095 2214 eorum
1118 2175 1192 2240 quae
1213 2155 1327 2220 suntin

324 2251 499 2314 Psalterio:
524 2269 596 2312 cum
612 2266 688 2311 vero
702 2245 829 2330 propria
846 2265 909 2307 non
925 2245 1055 2329 luerint,
1085 2245 1241 2314 dicuntur
1257 2261 1288 2316 ut
1300 2251 1342 2346 in·

323 2345 492 2409 Psalterio.

366 2441 400 2504 5.
425 2441 458 2504 Si
474 2439 623 2504 Officium
648 2436 688 2499 sit
709 2433 924 2500 ordinandum
946 2435 988 2500 de
1006 2439 1133 2519 Sancto,
1164 2463 1327 2506 recurren-

323 2529 400 2600 dum
419 2546 466 2599 est
477 2555 604 2618 semper
618 2530 658 2594 ad
675 2530 850 2594 Commune
866 2532 1054 2597 Sanctorum
1080 2535 1156 2616 (nisi
1168 2537 1327 2622 proprium

321 2631 439 2695 babeat
454 2631 487 2694 in
503 2627 637 2712 Proprie
654 2623 869 2710 Sanctorum):
886 2626 943 2690 ubi
955 2649 1013 2712 pro
1026 2631 1181 2714 qualitate
1197 2633 1291 2712 Festi,
1306 2632 1327 2694 si

322 2746 437 2789 novem
454 2725 653 2802 Lectionum,
672 2718 775 2802 idest,
790 2721 986 2804 Duplex,vel
1000 2721 1211 2808 Semiduplex
1225 2727 1325 2802 fuerit,

321 2821 428 2884 omnia
445 2819 590 2884 ordinate
604 2819 777 2902 ponuntur,
792 2815 853 2876 illis
868 2816 1020 2900 exceptis,
1038 2838 1109 2902 quae
1127 2821 1260 2906 propria
1272 2820 1328 2883 suis

320 2917 397 2980 locis
422 2917 595 2979 habentur.
619 2912 651 2975 Si
667 2910 795 2973 Festum
812 2908 908 2972 luerit
931 2909 1027 2987 trium
1044 2911 1236 2977 Lectionum
1264 2915 1326 2995 (llo-

319 3020 432 3074 cturno
444 3009 555 3088 Feriae,
570 3018 601 3072 et
612 3005 815 3069 Lectionibus
828 3003 981 3089 exceptis)
990 3006 1097 3068 omnia
1108 3021 1282 3077 sumuntur
1292 3007 1328 3071 de

319 3103 433 3169 eodem
450 3101 630 3168 Communi.
646 3101 721 3164 Tres
738 3099 903 3162 Lectiones
919 3099 1014 3182 primi
1029 3101 1183 3166 Nocturni
1200 3105 1235 3168 iu
1261 3104 1328 3168 Offi-

317 3199 366 3264 cio
383 3221 499 3265 novem
514 3196 714 3270 Lectionum,
740 3203 770 3256 et
787 3193 888 3277 prima
914 3204 945 3257 et
959 3194 1110 3258 ¹secunda
1132 3197 1257 3278 Lectio,
1282 3197 1328 3262 vel

317 3295 421 3378 prima
443 3303 566 3357 tantum
583 3291 614 3353 in
630 3289 729 3352 Festis
751 3289 846 3352 trium
868 3289 1067 3366 Lectionum,
1091 3304 1267 3357 sumuntur
1291 3292 1328 3354 de

317 3389 480 3474 Scriptura
491 3388 524 3450 in
537 3385 648 3449 Officio
664 3381 705 3446 de
716 3383 883 3468 Tempore,
900 3383 960 3447 nisi
972 3386 1040 3448 aliae
1052 3385 1240 3472 inpropriis
1256 3387 1328 3453 locis

316 3492 488 3568 ponantur.

359 3579 392 3641 4.
418 3580 455 3642 In
471 3576 646 3663 majoribus
662 3576 927 3658 solemnitatibus,
945 3585 976 3638 et
991 3577 1091 3639 Festis
1112 3599 1172 3664 per
1193 3600 1325 3663 annum,

316 3681 418 3737 totum
434 3673 581 3738 Officium
597 3671 763 3736 ordinatur
776 3683 812 3735 ut
827 3673 859 3734 in
876 3671 1012 3756 propriis
1024 3672 1101 3736 locis
1113 3675 1260 3759 ponitur.

358 3766 391 3830 5.
416 3769 453 3830 lu
465 3768 565 3830 Festis
579 3767 618 3830 B.
636 3765 743 3830 llariae
759 3767 896 3852 (omissis
911 3767 949 3830 iis
965 3786 1036 3852 quee
1053 3769 1183 3852 propria
1209 3772 1245 3834 iu
1267 3771 1327 3836 illis

315 3859 490 3944 habentur)
501 3861 630 3945 Hymni,
645 3883 761 3926 novem
774 3863 903 3943 Psalmi,
922 3871 953 3924 et
965 3861 1025 3924 alia
1039 3861 1191 3948 quedam
1216 3867 1326 3953 requi·

317 3955 418 4018 rende
430 3965 503 4018 sunt
514 3977 554 4018 ex
570 3955 737 4020 Communi
762 3957 831 4042 ejus
853 3956 964 4020 Officio
980 3977 1093 4040 parvo,
1126 3958 1212 4024 circa
1229 3961 1325 4025 finem

312 4050 483 4118 Breviorii‘.

355 4147 387 4212 6„
412 4143 524 4211 Modus
548 4145 719 4212 inchoandi
745 4147 904 4231 Officium,
932 4146 1059 4214 dicendi
1083 4151 1325 4236 Invitatorium,
